day,timestamp,product,bid_price_1,bid_volume_1,bid_price_2,bid_volume_2,bid_price_3,bid_volume_3,ask_price_1,ask_volume_1,ask_price_2,ask_volume_2,ask_price_3,ask_volume_3,mid_price,profit_and_loss
-2,0,AMETHYSTS,9996,1,9995.0,25.0,,,10004,1,10005.0,25.0,,,10000.0,0.0
-2,0,STARFRUIT,4997,26,,,,,5003,26,,,,,5000.0,0.0
-2,100,AMETHYSTS,10000,5,9995.0,20.0,,,10005,20,,,,,10002.5,0.0
-2,100,STARFRUIT,5000,5,4998.0,6.0,4997.0,20.0,5004,20,,,,,5002.0,0.0
-2,200,STARFRUIT,4997,1,4996.0,30.0,,,5003,31,,,,,5000.0,0.0
-2,200,AMETHYSTS,9996,1,9995.0,30.0,,,10004,1,10005.0,30.0,,,10000.0,0.0
-2,300,AMETHYSTS,9996,1,9995.0,26.0,,,10004,1,10005.0,26.0,,,10000.0,0.0
-2,300,STARFRUIT,4996,27,,,,,5003,27,,,,,4999.5,0.0
-2,400,AMETHYSTS,9995,20,,,,,9998,3,10002.0,9.0,10005.0,20.0,9996.5,0.0
-2,400,STARFRUIT,4995,20,,,,,5002,20,,,,,4998.5,0.0
-2,500,AMETHYSTS,9995,30,,,,,10005,30,,,,,10000.0,0.0
-2,500,STARFRUIT,5001,1,4996.0,30.0,,,5003,30,,,,,5002.0,0.0
-2,600,STARFRUIT,4996,30,,,,,5003,30,,,,,4999.5,0.0
-2,600,AMETHYSTS,9995,30,,,,,10005,30,,,,,10000.0,0.0
-2,700,AMETHYSTS,9998,5,9996.0,1.0,9995.0,27.0,10004,1,10005.0,27.0,,,10001.0,0.0
-2,700,STARFRUIT,4997,1,4996.0,27.0,,,5003,28,,,,,5000.0,0.0
-2,800,AMETHYSTS,9996,2,9995.0,21.0,,,10004,2,10005.0,21.0,,,10000.0,0.0
-2,800,STARFRUIT,5002,1,4997.0,23.0,,,5003,2,5004.0,21.0,,,5002.5,0.0
-2,900,AMETHYSTS,9995,30,,,,,10005,30,,,,,10000.0,0.0
-2,900,STARFRUIT,5001,2,4997.0,30.0,,,5004,30,,,,,5002.5,0.0
-2,1000,STARFRUIT,4997,2,4996.0,22.0,,,5001,8,5003.0,24.0,,,4999.0,0.0
-2,1000,AMETHYSTS,10002,1,9996.0,2.0,9995.0,22.0,10004,2,10005.0,22.0,,,10003.0,0.0
-2,1100,STARFRUIT,4997,25,,,,,5002,3,5004.0,26.0,,,4999.5,0.0
-2,1100,AMETHYSTS,9998,3,9996.0,1.0,9995.0,25.0,10004,1,10005.0,25.0,,,10001.0,0.0
-2,1200,AMETHYSTS,9998,6,9996.0,1.0,9995.0,27.0,10004,1,10005.0,27.0,,,10001.0,0.0
-2,1200,STARFRUIT,4997,28,,,,,5003,1,5004.0,27.0,,,5000.0,0.0
-2,1300,STARFRUIT,5000,3,4997.0,23.0,,,5004,23,,,,,5002.0,0.0
-2,1300,AMETHYSTS,10000,3,9995.0,23.0,,,10005,23,,,,,10002.5,0.0
-2,1400,STARFRUIT,4996,26,,,,,5001,2,5003.0,26.0,,,4998.5,0.0
-2,1400,AMETHYSTS,9995,26,,,,,9998,3,10005.0,26.0,,,9996.5,0.0
-2,1500,STARFRUIT,4997,2,4996.0,25.0,,,5003,27,,,,,5000.0,0.0
-2,1500,AMETHYSTS,9996,2,9995.0,25.0,,,10004,2,10005.0,25.0,,,10000.0,0.0
-2,1600,AMETHYSTS,9996,1,9995.0,23.0,,,10004,1,10005.0,23.0,,,10000.0,0.0
-2,1600,STARFRUIT,4997,1,4996.0,23.0,,,5003,24,,,,,5000.0,0.0
-2,1700,STARFRUIT,4997,28,,,,,5002,2,5004.0,28.0,,,4999.5,0.0
-2,1700,AMETHYSTS,9995,28,,,,,10002,6,10005.0,28.0,,,9998.5,0.0
-2,1800,STARFRUIT,4996,24,,,,,5001,1,5003.0,24.0,,,4998.5,0.0
-2,1800,AMETHYSTS,9998,10,9995.0,24.0,,,10005,24,,,,,10001.5,0.0
-2,1900,STARFRUIT,5002,1,4997.0,1.0,4996.0,25.0,5003,26,,,,,5002.5,0.0
-2,1900,AMETHYSTS,9996,1,9995.0,25.0,,,10004,1,10005.0,25.0,,,10000.0,0.0
-2,20000,AMETHYSTS,9995,28,,,,,10005,28,,,,,10000.0,0.0
-2,20000,STARFRUIT,4996,28,,,,,5003,28,,,,,4999.5,0.0
-2,20100,STARFRUIT,4996,30,,,,,5001,7,5003.0,30.0,,,4998.5,0.0
-2,20100,AMETHYSTS,10002,1,9995.0,30.0,,,10005,30,,,,,10003.5,0.0
-2,20200,STARFRUIT,4997,1,4996.0,28.0,,,5002,1,5003.0,27.0,,,4999.5,0.0
-2,20200,AMETHYSTS,10002,1,9996.0,1.0,9995.0,27.0,10004,1,10005.0,27.0,,,10003.0,0.0
-2,20300,STARFRUIT,5002,1,4997.0,1.0,4996.0,25.0,5003,25,,,,,5002.5,0.0
-2,20300,AMETHYSTS,9996,1,9995.0,24.0,,,10004,1,10005.0,24.0,,,10000.0,0.0
-2,20400,AMETHYSTS,9995,25,,,,,10005,25,,,,,10000.0,0.0
-2,20400,STARFRUIT,4996,25,,,,,5003,25,,,,,4999.5,0.0
-2,20500,STARFRUIT,4996,25,,,,,5001,7,5003.0,25.0,,,4998.5,0.0
-2,20500,AMETHYSTS,9996,1,9995.0,24.0,,,10004,1,10005.0,24.0,,,10000.0,0.0
-2,20600,STARFRUIT,4996,21,,,,,5003,21,,,,,4999.5,0.0
-2,20600,AMETHYSTS,9995,21,,,,,9998,1,10005.0,21.0,,,9996.5,0.0
-2,20700,STARFRUIT,4996,23,,,,,5002,1,5003.0,22.0,,,4999.0,0.0
-2,20700,AMETHYSTS,9996,1,9995.0,22.0,,,10004,1,10005.0,22.0,,,10000.0,0.0
-2,20800,AMETHYSTS,9996,2,9995.0,21.0,,,10004,2,10005.0,21.0,,,10000.0,0.0
-2,20800,STARFRUIT,4996,5,4995.0,23.0,,,5002,23,,,,,4999.0,0.0
-2,20900,STARFRUIT,4995,30,,,,,5002,30,,,,,4998.5,0.0
-2,20900,AMETHYSTS,9996,2,9995.0,28.0,,,9998,1,10004.0,2.0,10005.0,28.0,9997.0,0.0
-2,21000,STARFRUIT,4996,1,4995.0,28.0,,,5002,29,,,,,4999.0,0.0
-2,21000,AMETHYSTS,9996,1,9995.0,28.0,,,10004,1,10005.0,28.0,,,10000.0,0.0
-2,21100,STARFRUIT,4996,1,4995.0,22.0,,,5002,23,,,,,4999.0,0.0
-2,21100,AMETHYSTS,9996,1,9995.0,22.0,,,10004,1,10005.0,22.0,,,10000.0,0.0
-2,21200,AMETHYSTS,9996,1,9995.0,27.0,,,10004,1,10005.0,27.0,,,10000.0,0.0
-2,21200,STARFRUIT,4996,1,4995.0,27.0,,,5002,28,,,,,4999.0,0.0
-2,21300,STARFRUIT,4996,2,4995.0,27.0,,,5002,29,,,,,4999.0,0.0
-2,21300,AMETHYSTS,9996,2,9995.0,27.0,,,10002,5,10004.0,2.0,10005.0,27.0,9999.0,0.0
-2,21400,STARFRUIT,4996,23,,,,,5001,6,5002.0,2.0,5003.0,21.0,4998.5,0.0
-2,21400,AMETHYSTS,9996,2,9995.0,21.0,,,10004,2,10005.0,21.0,,,10000.0,0.0
-2,21500,STARFRUIT,4996,26,,,,,5002,1,5003.0,25.0,,,4999.0,0.0
-2,21500,AMETHYSTS,9996,1,9995.0,25.0,,,10002,5,10004.0,1.0,10005.0,25.0,9999.0,0.0
-2,21600,AMETHYSTS,9995,23,,,,,10005,23,,,,,10000.0,0.0
-2,21600,STARFRUIT,4996,23,,,,,5001,8,5003.0,23.0,,,4998.5,0.0
-2,21700,STARFRUIT,4995,22,,,,,5002,22,,,,,4998.5,0.0
-2,21700,AMETHYSTS,9995,22,,,,,10005,22,,,,,10000.0,0.0
-2,21800,STARFRUIT,4996,27,,,,,5001,5,5003.0,27.0,,,4998.5,0.0
-2,21800,AMETHYSTS,10002,1,9996.0,2.0,9995.0,25.0,10004,2,10005.0,25.0,,,10003.0,0.0
-2,21900,STARFRUIT,4996,21,,,,,5003,21,,,,,4999.5,0.0
-2,21900,AMETHYSTS,9998,3,9995.0,21.0,,,10005,21,,,,,10001.5,0.0
-2,40000,AMETHYSTS,9995,27,,,,,10005,27,,,,,10000.0,0.0
-2,40000,STARFRUIT,4992,27,,,,,4999,27,,,,,4995.5,0.0
-2,40100,STARFRUIT,4992,1,4991.0,26.0,,,4998,27,,,,,4995.0,0.0
-2,40100,AMETHYSTS,9996,1,9995.0,26.0,,,10004,1,10005.0,26.0,,,10000.0,0.0
-2,40200,STARFRUIT,4997,5,4992.0,29.0,,,4999,29,,,,,4998.0,0.0
-2,40200,AMETHYSTS,9996,2,9995.0,27.0,,,10004,2,10005.0,27.0,,,10000.0,0.0
-2,40300,STARFRUIT,4992,28,,,,,4994,2,4999.0,28.0,,,4993.0,0.0
-2,40300,AMETHYSTS,9998,9,9995.0,28.0,,,10005,28,,,,,10001.5,0.0
-2,40400,AMETHYSTS,9995,30,,,,,10005,30,,,,,10000.0,0.0
-2,40400,STARFRUIT,4993,7,4992.0,30.0,,,4999,30,,,,,4996.0,0.0
-2,40500,STARFRUIT,4992,30,,,,,4999,30,,,,,4995.5,0.0
-2,40500,AMETHYSTS,9996,1,9995.0,29.0,,,10004,1,10005.0,29.0,,,10000.0,0.0
-2,40600,STARFRUIT,4993,2,4992.0,29.0,,,4999,29,,,,,4996.0,0.0
-2,40600,AMETHYSTS,9995,29,,,,,10005,29,,,,,10000.0,0.0
-2,40700,STARFRUIT,4996,3,4993.0,5.0,4992.0,24.0,4999,24,,,,,4997.5,0.0
-2,40700,AMETHYSTS,9995,24,,,,,10005,24,,,,,10000.0,0.0
-2,40800,AMETHYSTS,9995,24,,,,,10005,24,,,,,10000.0,0.0
-2,40800,STARFRUIT,4991,24,,,,,4998,24,,,,,4994.5,0.0
-2,40900,STARFRUIT,4991,23,,,,,4992,3,4998.0,23.0,,,4991.5,0.0
-2,40900,AMETHYSTS,9995,23,,,,,10005,23,,,,,10000.0,0.0
-2,41000,STARFRUIT,4996,2,4992.0,4.0,4991.0,24.0,4998,24,,,,,4997.0,0.0
-2,41000,AMETHYSTS,9995,24,,,,,10005,24,,,,,10000.0,0.0
-2,41100,AMETHYSTS,9995,26,,,,,10005,26,,,,,10000.0,0.0
-2,41100,STARFRUIT,4995,9,4990.0,26.0,,,4997,26,,,,,4996.0,0.0
-2,41200,STARFRUIT,4993,2,4990.0,25.0,,,4997,25,,,,,4995.0,0.0
-2,41200,AMETHYSTS,10000,2,9995.0,25.0,,,10005,25,,,,,10002.5,0.0
-2,41300,STARFRUIT,4991,2,4990.0,28.0,,,4997,30,,,,,4994.0,0.0
-2,41300,AMETHYSTS,9996,2,9995.0,28.0,,,10004,2,10005.0,28.0,,,10000.0,0.0
-2,41400,STARFRUIT,4991,1,4990.0,30.0,,,4995,6,4997.0,31.0,,,4993.0,0.0
-2,41400,AMETHYSTS,9996,1,9995.0,30.0,,,10004,1,10005.0,30.0,,,10000.0,0.0
-2,41500,AMETHYSTS,9996,2,9995.0,21.0,,,10000,5,10004.0,2.0,10005.0,21.0,9998.0,0.0
-2,41500,STARFRUIT,4991,2,4990.0,21.0,,,4993,6,4995.0,8.0,4997.0,23.0,4992.0,0.0
-2,41600,STARFRUIT,4990,23,,,,,4997,23,,,,,4993.5,0.0
-2,41600,AMETHYSTS,9995,23,,,,,10005,23,,,,,10000.0,0.0
-2,41700,STARFRUIT,4990,29,,,,,4997,29,,,,,4993.5,0.0
-2,41700,AMETHYSTS,10002,1,9996.0,1.0,9995.0,28.0,10004,1,10005.0,28.0,,,10003.0,0.0
-2,41800,STARFRUIT,4990,31,,,,,4995,1,4996.0,2.0,4997.0,29.0,4992.5,0.0
-2,41800,AMETHYSTS,9998,9,9996.0,2.0,9995.0,29.0,10004,2,10005.0,29.0,,,10001.0,0.0
-2,41900,AMETHYSTS,9995,30,,,,,10000,3,10002.0,4.0,10005.0,30.0,9997.5,0.0
-2,41900,STARFRUIT,4990,30,,,,,4993,3,4997.0,30.0,,,4991.5,0.0
-2,60000,STARFRUIT,4987,1,4982.0,26.0,,,4989,26,,,,,4988.0,0.0
-2,60000,AMETHYSTS,9995,26,,,,,10005,26,,,,,10000.0,0.0
-2,60100,STARFRUIT,4987,10,4982.0,24.0,,,4989,24,,,,,4988.0,0.0
-2,60100,AMETHYSTS,9996,1,9995.0,23.0,,,9998,1,10004.0,1.0,10005.0,23.0,9997.0,0.0
-2,60200,STARFRUIT,4983,1,4982.0,23.0,,,4987,3,4989.0,24.0,,,4985.0,0.0
-2,60200,AMETHYSTS,9996,1,9995.0,23.0,,,10004,1,10005.0,23.0,,,10000.0,0.0
-2,60300,AMETHYSTS,9996,2,9995.0,26.0,,,10004,2,10005.0,26.0,,,10000.0,0.0
-2,60300,STARFRUIT,4983,2,4982.0,26.0,,,4989,28,,,,,4986.0,0.0
-2,60400,STARFRUIT,4983,2,4982.0,20.0,,,4989,22,,,,,4986.0,0.0
-2,60400,AMETHYSTS,9996,2,9995.0,20.0,,,10004,2,10005.0,20.0,,,10000.0,0.0
-2,60500,STARFRUIT,4984,1,4983.0,29.0,,,4985,3,4988.0,2.0,4990.0,30.0,4984.5,0.0
-2,60500,AMETHYSTS,9996,1,9995.0,29.0,,,9998,1,10004.0,1.0,10005.0,29.0,9997.0,0.0
-2,60600,STARFRUIT,4983,27,,,,,4984,1,4988.0,2.0,4990.0,27.0,4983.5,0.0
-2,60600,AMETHYSTS,9996,1,9995.0,26.0,,,10004,1,10005.0,26.0,,,10000.0,0.0
-2,60700,AMETHYSTS,9996,1,9995.0,26.0,,,10004,1,10005.0,26.0,,,10000.0,0.0
-2,60700,STARFRUIT,4984,8,4983.0,27.0,,,4990,27,,,,,4987.0,0.0
-2,60800,STARFRUIT,4983,21,,,,,4990,21,,,,,4986.5,0.0
-2,60800,AMETHYSTS,9996,1,9995.0,20.0,,,10002,6,10004.0,1.0,10005.0,20.0,9999.0,0.0
-2,60900,STARFRUIT,4983,22,,,,,4989,22,,,,,4986.0,0.0
-2,60900,AMETHYSTS,9996,1,9995.0,21.0,,,10004,1,10005.0,21.0,,,10000.0,0.0
-2,61000,AMETHYSTS,9995,22,,,,,10005,22,,,,,10000.0,0.0
-2,61000,STARFRUIT,4982,22,,,,,4989,22,,,,,4985.5,0.0
-2,61100,AMETHYSTS,10002,1,9995.0,29.0,,,10005,29,,,,,10003.5,0.0
-2,61100,STARFRUIT,4987,5,4983.0,29.0,,,4990,29,,,,,4988.5,0.0
-2,61200,STARFRUIT,4983,30,,,,,4989,1,4990.0,29.0,,,4986.0,0.0
-2,61200,AMETHYSTS,9996,1,9995.0,29.0,,,10002,4,10004.0,1.0,10005.0,29.0,9999.0,0.0
-2,61300,AMETHYSTS,9996,2,9995.0,25.0,,,10004,2,10005.0,25.0,,,10000.0,0.0
-2,61300,STARFRUIT,4982,27,,,,,4987,7,4989.0,27.0,,,4984.5,0.0
-2,61400,AMETHYSTS,10002,5,9995.0,29.0,,,10005,29,,,,,10003.5,0.0
-2,61400,STARFRUIT,4982,29,,,,,4987,5,4989.0,29.0,,,4984.5,0.0
-2,61500,AMETHYSTS,9995,21,,,,,10005,21,,,,,10000.0,0.0
-2,61500,STARFRUIT,4982,21,,,,,4989,21,,,,,4985.5,0.0
-2,61600,STARFRUIT,4982,27,,,,,4989,27,,,,,4985.5,0.0
-2,61600,AMETHYSTS,9995,27,,,,,9998,3,10002.0,2.0,10005.0,27.0,9996.5,0.0
-2,61700,AMETHYSTS,9995,30,,,,,10005,30,,,,,10000.0,0.0
-2,61700,STARFRUIT,4981,30,,,,,4988,30,,,,,4984.5,0.0
-2,61800,AMETHYSTS,9998,7,9996.0,1.0,9995.0,25.0,10004,1,10005.0,25.0,,,10001.0,0.0
-2,61800,STARFRUIT,4986,5,4982.0,1.0,4981.0,25.0,4988,26,,,,,4987.0,0.0
-2,61900,AMETHYSTS,9996,2,9995.0,20.0,,,10004,2,10005.0,20.0,,,10000.0,0.0
-2,61900,STARFRUIT,4982,22,,,,,4988,2,4989.0,20.0,,,4985.0,0.0
-2,80000,STARFRUIT,4980,30,,,,,4987,30,,,,,4983.5,0.0
-2,80000,AMETHYSTS,10002,1,9998.0,5.0,9995.0,30.0,10005,30,,,,,10003.5,0.0
-2,80100,AMETHYSTS,9996,1,9995.0,30.0,,,10002,6,10004.0,1.0,10005.0,30.0,9999.0,0.0
-2,80100,STARFRUIT,4986,1,4980.0,31.0,,,4987,31,,,,,4986.5,0.0
-2,80200,AMETHYSTS,9996,2,9995.0,25.0,,,10004,2,10005.0,25.0,,,10000.0,0.0
-2,80200,STARFRUIT,4980,27,,,,,4987,27,,,,,4983.5,0.0
-2,80300,AMETHYSTS,10002,1,9996.0,1.0,9995.0,29.0,10004,1,10005.0,29.0,,,10003.0,0.0
-2,80300,STARFRUIT,4981,5,4980.0,29.0,,,4987,30,,,,,4984.0,0.0
-2,80400,STARFRUIT,4981,23,,,,,4984,4,4988.0,23.0,,,4982.5,0.0
-2,80400,AMETHYSTS,9995,23,,,,,10000,4,10005.0,23.0,,,9997.5,0.0
-2,80500,AMETHYSTS,9996,2,9995.0,21.0,,,10002,8,10004.0,2.0,10005.0,21.0,9999.0,0.0
-2,80500,STARFRUIT,4981,22,,,,,4986,3,4988.0,23.0,,,4983.5,0.0
-2,80600,AMETHYSTS,9998,3,9996.0,1.0,9995.0,26.0,10004,1,10005.0,26.0,,,10001.0,0.0
-2,80600,STARFRUIT,4981,27,,,,,4988,27,,,,,4984.5,0.0
-2,80700,AMETHYSTS,9996,2,9995.0,27.0,,,10004,2,10005.0,27.0,,,10000.0,0.0
-2,80700,STARFRUIT,4982,2,4981.0,29.0,,,4987,2,4988.0,27.0,,,4984.5,0.0
-2,80800,STARFRUIT,4982,6,4981.0,25.0,,,4988,25,,,,,4985.0,0.0
-2,80800,AMETHYSTS,9995,25,,,,,10002,4,10005.0,25.0,,,9998.5,0.0
-2,80900,AMETHYSTS,9996,2,9995.0,28.0,,,10004,2,10005.0,28.0,,,10000.0,0.0
-2,80900,STARFRUIT,4981,30,,,,,4982,1,4986.0,1.0,4988.0,30.0,4981.5,0.0
-2,81000,AMETHYSTS,9996,2,9995.0,30.0,,,10004,2,10005.0,30.0,,,10000.0,0.0
-2,81000,STARFRUIT,4981,2,4980.0,30.0,,,4987,32,,,,,4984.0,0.0
-2,81100,STARFRUIT,4981,29,,,,,4987,1,4988.0,28.0,,,4984.0,0.0
-2,81100,AMETHYSTS,9996,1,9995.0,28.0,,,10002,6,10004.0,1.0,10005.0,28.0,9999.0,0.0
-2,81200,STARFRUIT,4981,1,4980.0,26.0,,,4987,27,,,,,4984.0,0.0
-2,81200,AMETHYSTS,9996,1,9995.0,26.0,,,10002,3,10004.0,1.0,10005.0,26.0,9999.0,0.0
-2,81300,STARFRUIT,4986,1,4981.0,2.0,4980.0,20.0,4987,22,,,,,4986.5,0.0
-2,81300,AMETHYSTS,9996,2,9995.0,20.0,,,9998,1,10002.0,8.0,10004.0,2.0,9997.0,0.0
-2,81400,AMETHYSTS,10002,1,9996.0,2.0,9995.0,21.0,10004,2,10005.0,21.0,,,10003.0,0.0
-2,81400,STARFRUIT,4981,23,,,,,4987,23,,,,,4984.0,0.0
-2,81500,STARFRUIT,4981,28,,,,,4988,28,,,,,4984.5,0.0
-2,81500,AMETHYSTS,9998,2,9995.0,28.0,,,10005,28,,,,,10001.5,0.0
-2,81600,STARFRUIT,4981,20,,,,,4986,5,4988.0,20.0,,,4983.5,0.0
-2,81600,AMETHYSTS,9998,10,9995.0,20.0,,,10005,20,,,,,10001.5,0.0
-2,81700,STARFRUIT,4982,3,4981.0,27.0,,,4988,27,,,,,4985.0,0.0
-2,81700,AMETHYSTS,9996,2,9995.0,25.0,,,10002,6,10004.0,2.0,10005.0,25.0,9999.0,0.0
-2,81800,AMETHYSTS,9998,8,9996.0,1.0,9995.0,28.0,10004,1,10005.0,28.0,,,10001.0,0.0
-2,81800,STARFRUIT,4981,28,,,,,4986,8,4988.0,29.0,,,4983.5,0.0
-2,81900,STARFRUIT,4982,7,4981.0,27.0,,,4984,4,4988.0,27.0,,,4983.0,0.0
-2,81900,AMETHYSTS,9996,2,9995.0,25.0,,,10000,4,10004.0,2.0,10005.0,25.0,9998.0,0.0
-2,100000,STARFRUIT,4987,30,,,,,4994,30,,,,,4990.5,0.0
-2,100000,AMETHYSTS,9995,30,,,,,10005,30,,,,,10000.0,0.0
-2,100100,STARFRUIT,4987,27,,,,,4993,2,4994.0,26.0,,,4990.0,0.0
-2,100100,AMETHYSTS,9996,2,9995.0,26.0,,,9998,1,10004.0,2.0,10005.0,26.0,9997.0,0.0
-2,100200,AMETHYSTS,9995,22,,,,,10005,22,,,,,10000.0,0.0
-2,100200,STARFRUIT,4986,22,,,,,4993,22,,,,,4989.5,0.0
-2,100300,STARFRUIT,4986,1,4985.0,27.0,,,4992,28,,,,,4989.0,0.0
-2,100300,AMETHYSTS,9996,1,9995.0,27.0,,,10004,1,10005.0,27.0,,,10000.0,0.0
-2,100400,STARFRUIT,4991,1,4986.0,21.0,,,4993,21,,,,,4992.0,0.0
-2,100400,AMETHYSTS,9998,5,9996.0,1.0,9995.0,20.0,10004,1,10005.0,20.0,,,10001.0,0.0
-2,100500,STARFRUIT,4986,24,,,,,4993,24,,,,,4989.5,0.0
-2,100500,AMETHYSTS,9998,6,9996.0,2.0,9995.0,22.0,10004,2,10005.0,22.0,,,10001.0,0.0
-2,100600,AMETHYSTS,9998,1,9996.0,1.0,9995.0,30.0,10004,1,10005.0,30.0,,,10001.0,0.0
-2,100600,STARFRUIT,4986,31,,,,,4992,1,4993.0,30.0,,,4989.0,0.0
-2,100700,STARFRUIT,4986,27,,,,,4993,27,,,,,4989.5,0.0
-2,100700,AMETHYSTS,9998,5,9996.0,2.0,9995.0,25.0,10004,2,10005.0,25.0,,,10001.0,0.0
-2,100800,STARFRUIT,4986,22,,,,,4993,22,,,,,4989.5,0.0
-2,100800,AMETHYSTS,9996,1,9995.0,21.0,,,10002,10,10004.0,1.0,10005.0,21.0,9999.0,0.0
-2,100900,STARFRUIT,4987,26,,,,,4994,26,,,,,4990.5,0.0
-2,100900,AMETHYSTS,9996,2,9995.0,24.0,,,10004,2,10005.0,24.0,,,10000.0,0.0
-2,101000,AMETHYSTS,9998,9,9996.0,1.0,9995.0,20.0,10004,1,10005.0,20.0,,,10001.0,0.0
-2,101000,STARFRUIT,4987,21,,,,,4993,1,4994.0,20.0,,,4990.0,0.0
-2,101100,STARFRUIT,4987,7,4986.0,27.0,,,4993,28,,,,,4990.0,0.0
-2,101100,AMETHYSTS,9996,1,9995.0,27.0,,,10004,1,10005.0,27.0,,,10000.0,0.0
-2,101200,STARFRUIT,4987,2,4986.0,21.0,,,4993,23,,,,,4990.0,0.0
-2,101200,AMETHYSTS,9996,2,9995.0,21.0,,,10004,2,10005.0,21.0,,,10000.0,0.0
-2,101300,STARFRUIT,4987,7,4986.0,27.0,,,4993,28,,,,,4990.0,0.0
-2,101300,AMETHYSTS,9996,1,9995.0,27.0,,,9998,8,10004.0,1.0,10005.0,27.0,9997.0,0.0
-2,101400,AMETHYSTS,9996,2,9995.0,24.0,,,10004,2,10005.0,24.0,,,10000.0,0.0
-2,101400,STARFRUIT,4987,2,4986.0,24.0,,,4993,26,,,,,4990.0,0.0
-2,101500,STARFRUIT,4986,26,,,,,4991,3,4993.0,26.0,,,4988.5,0.0
-2,101500,AMETHYSTS,9995,26,,,,,10002,9,10005.0,26.0,,,9998.5,0.0
-2,101600,STARFRUIT,4986,28,,,,,4993,28,,,,,4989.5,0.0
-2,101600,AMETHYSTS,9996,2,9995.0,26.0,,,10004,2,10005.0,26.0,,,10000.0,0.0
-2,101700,STARFRUIT,4985,22,,,,,4992,22,,,,,4988.5,0.0
-2,101700,AMETHYSTS,9998,1,9995.0,22.0,,,10005,22,,,,,10001.5,0.0
-2,101800,AMETHYSTS,9995,23,,,,,10002,7,10005.0,23.0,,,9998.5,0.0
-2,101800,STARFRUIT,4985,23,,,,,4992,23,,,,,4988.5,0.0
-2,101900,STARFRUIT,4985,21,,,,,4991,1,4992.0,20.0,,,4988.0,0.0
-2,101900,AMETHYSTS,9996,1,9995.0,20.0,,,10004,1,10005.0,20.0,,,10000.0,0.0
-2,120000,STARFRUIT,4973,23,,,,,4978,3,4980.0,23.0,,,4975.5,0.0
-2,120000,AMETHYSTS,9998,2,9996.0,1.0,9995.0,22.0,10004,1,10005.0,22.0,,,10001.0,0.0
-2,120100,STARFRUIT,4973,27,,,,,4979,1,4980.0,26.0,,,4976.0,0.0
-2,120100,AMETHYSTS,9996,1,9995.0,26.0,,,10002,6,10004.0,1.0,10005.0,26.0,9999.0,0.0
-2,120200,AMETHYSTS,9995,21,,,,,10002,7,10005.0,21.0,,,9998.5,0.0
-2,120200,STARFRUIT,4973,20,,,,,4980,21,,,,,4976.5,0.0
-2,120300,STARFRUIT,4973,5,4972.0,28.0,,,4979,29,,,,,4976.0,0.0
-2,120300,AMETHYSTS,9996,1,9995.0,28.0,,,10004,1,10005.0,28.0,,,10000.0,0.0
-2,120400,STARFRUIT,4973,5,4972.0,31.0,,,4979,31,,,,,4976.0,0.0
-2,120400,AMETHYSTS,9996,2,9995.0,29.0,,,10004,2,10005.0,29.0,,,10000.0,0.0
-2,120500,STARFRUIT,4972,31,,,,,4979,31,,,,,4975.5,0.0
-2,120500,AMETHYSTS,9996,2,9995.0,29.0,,,9998,3,10002.0,4.0,10004.0,2.0,9997.0,0.0
-2,120600,AMETHYSTS,9996,1,9995.0,27.0,,,10004,1,10005.0,27.0,,,10000.0,0.0
-2,120600,STARFRUIT,4972,28,,,,,4979,28,,,,,4975.5,0.0
-2,120700,STARFRUIT,4973,2,4972.0,28.0,,,4979,29,,,,,4976.0,0.0
-2,120700,AMETHYSTS,9996,1,9995.0,28.0,,,10004,1,10005.0,28.0,,,10000.0,0.0
-2,120800,STARFRUIT,4978,1,4975.0,6.0,4973.0,6.0,4979,29,,,,,4978.5,0.0
-2,120800,AMETHYSTS,10000,6,9998.0,4.0,9996.0,1.0,10004,1,10005.0,28.0,,,10002.0,0.0
-2,120900,STARFRUIT,4973,1,4972.0,29.0,,,4977,3,4979.0,30.0,,,4975.0,0.0
-2,120900,AMETHYSTS,9996,1,9995.0,29.0,,,9998,1,10004.0,1.0,10005.0,29.0,9997.0,0.0
-2,121000,STARFRUIT,4973,27,,,,,4979,2,4980.0,25.0,,,4976.0,0.0
-2,121000,AMETHYSTS,9996,2,9995.0,25.0,,,10004,2,10005.0,25.0,,,10000.0,0.0
-2,121100,STARFRUIT,4974,1,4973.0,26.0,,,4980,27,,,,,4977.0,0.0
-2,121100,AMETHYSTS,9996,1,9995.0,26.0,,,10004,1,10005.0,26.0,,,10000.0,0.0
-2,121200,STARFRUIT,4974,2,4973.0,23.0,,,4980,24,,,,,4977.0,0.0
-2,121200,AMETHYSTS,9996,1,9995.0,23.0,,,10004,1,10005.0,23.0,,,10000.0,0.0
-2,121300,AMETHYSTS,9996,1,9995.0,22.0,,,10004,1,10005.0,22.0,,,10000.0,0.0
-2,121300,STARFRUIT,4974,23,,,,,4981,23,,,,,4977.5,0.0
-2,121400,STARFRUIT,4975,1,4974.0,25.0,,,4979,6,4981.0,26.0,,,4977.0,0.0
-2,121400,AMETHYSTS,9996,1,9995.0,25.0,,,10004,1,10005.0,25.0,,,10000.0,0.0
-2,121500,STARFRUIT,4975,2,4974.0,23.0,,,4981,25,,,,,4978.0,0.0
-2,121500,AMETHYSTS,9996,2,9995.0,23.0,,,10004,2,10005.0,23.0,,,10000.0,0.0
-2,121600,STARFRUIT,4975,1,4974.0,29.0,,,4981,30,,,,,4978.0,0.0
-2,121600,AMETHYSTS,9996,1,9995.0,29.0,,,10004,1,10005.0,29.0,,,10000.0,0.0
-2,121700,AMETHYSTS,9995,27,,,,,10005,27,,,,,10000.0,0.0
-2,121700,STARFRUIT,4974,27,,,,,4981,27,,,,,4977.5,0.0
-2,121800,STARFRUIT,4974,23,,,,,4979,5,4980.0,1.0,4981.0,22.0,4976.5,0.0
-2,121800,AMETHYSTS,10002,10,9996.0,1.0,9995.0,22.0,10004,1,10005.0,22.0,,,10003.0,0.0
-2,121900,STARFRUIT,4974,24,,,,,4981,24,,,,,4977.5,0.0
-2,121900,AMETHYSTS,9995,24,,,,,10005,24,,,,,10000.0,0.0
-2,140000,STARFRUIT,4965,26,,,,,4972,26,,,,,4968.5,0.0
-2,140000,AMETHYSTS,10002,5,9998.0,1.0,9996.0,1.0,10004,1,10005.0,25.0,,,10003.0,0.0
-2,140100,AMETHYSTS,9996,1,9995.0,27.0,,,10004,1,10005.0,27.0,,,10000.0,0.0
-2,140100,STARFRUIT,4966,1,4965.0,27.0,,,4972,28,,,,,4969.0,0.0
-2,140200,STARFRUIT,4966,23,,,,,4972,1,4973.0,22.0,,,4969.0,0.0
-2,140200,AMETHYSTS,9996,1,9995.0,22.0,,,10002,1,10004.0,1.0,10005.0,22.0,9999.0,0.0
-2,140300,STARFRUIT,4966,1,4965.0,24.0,,,4972,25,,,,,4969.0,0.0
-2,140300,AMETHYSTS,9996,1,9995.0,24.0,,,10004,1,10005.0,24.0,,,10000.0,0.0
-2,140400,STARFRUIT,4966,29,,,,,4971,4,4973.0,29.0,,,4968.5,0.0
-2,140400,AMETHYSTS,9995,29,,,,,10005,29,,,,,10000.0,0.0
-2,140500,AMETHYSTS,9996,1,9995.0,27.0,,,10002,2,10004.0,1.0,10005.0,27.0,9999.0,0.0
-2,140500,STARFRUIT,4965,28,,,,,4972,28,,,,,4968.5,0.0
-2,140600,STARFRUIT,4966,2,4965.0,28.0,,,4972,30,,,,,4969.0,0.0
-2,140600,AMETHYSTS,9996,2,9995.0,28.0,,,10004,2,10005.0,28.0,,,10000.0,0.0
-2,140700,STARFRUIT,4971,1,4967.0,4.0,4966.0,29.0,4973,29,,,,,4972.0,0.0
-2,140700,AMETHYSTS,9998,7,9995.0,29.0,,,10005,29,,,,,10001.5,0.0
-2,140800,STARFRUIT,4967,3,4966.0,29.0,,,4972,2,4973.0,27.0,,,4969.5,0.0
-2,140800,AMETHYSTS,9996,2,9995.0,27.0,,,10004,2,10005.0,27.0,,,10000.0,0.0
-2,140900,AMETHYSTS,9995,22,,,,,10002,4,10005.0,22.0,,,9998.5,0.0
-2,140900,STARFRUIT,4965,21,,,,,4972,22,,,,,4968.5,0.0
-2,141000,STARFRUIT,4966,30,,,,,4972,1,4973.0,29.0,,,4969.0,0.0
-2,141000,AMETHYSTS,9996,1,9995.0,29.0,,,10004,1,10005.0,29.0,,,10000.0,0.0
-2,141100,AMETHYSTS,9996,2,9995.0,21.0,,,9998,1,10004.0,2.0,10005.0,21.0,9997.0,0.0
-2,141100,STARFRUIT,4965,2,4964.0,21.0,,,4969,5,4971.0,23.0,,,4967.0,0.0
-2,141200,AMETHYSTS,9998,10,9996.0,1.0,9995.0,22.0,10004,1,10005.0,22.0,,,10001.0,0.0
-2,141200,STARFRUIT,4964,23,,,,,4971,23,,,,,4967.5,0.0
-2,141300,AMETHYSTS,9995,27,,,,,10005,27,,,,,10000.0,0.0
-2,141300,STARFRUIT,4964,27,,,,,4971,27,,,,,4967.5,0.0
-2,141400,STARFRUIT,4969,1,4965.0,6.0,4964.0,25.0,4971,25,,,,,4970.0,0.0
-2,141400,AMETHYSTS,9996,2,9995.0,23.0,,,10004,2,10005.0,23.0,,,10000.0,0.0
-2,141500,AMETHYSTS,9996,1,9995.0,30.0,,,10004,1,10005.0,30.0,,,10000.0,0.0
-2,141500,STARFRUIT,4963,31,,,,,4968,5,4970.0,31.0,,,4965.5,0.0
-2,141600,AMETHYSTS,10000,2,9996.0,2.0,9995.0,26.0,10004,2,10005.0,26.0,,,10002.0,0.0
-2,141600,STARFRUIT,4966,2,4963.0,28.0,,,4968,6,4970.0,28.0,,,4967.0,0.0
-2,141700,AMETHYSTS,9996,2,9995.0,30.0,,,10004,2,10005.0,30.0,,,10000.0,0.0
-2,141700,STARFRUIT,4968,10,4963.0,32.0,,,4970,32,,,,,4969.0,0.0
-2,141800,STARFRUIT,4964,7,4963.0,31.0,,,4970,31,,,,,4967.0,0.0
-2,141800,AMETHYSTS,9996,1,9995.0,30.0,,,10004,1,10005.0,30.0,,,10000.0,0.0
-2,141900,AMETHYSTS,9996,2,9995.0,20.0,,,10004,2,10005.0,20.0,,,10000.0,0.0
-2,141900,STARFRUIT,4963,22,,,,,4970,22,,,,,4966.5,0.0
-2,160000,AMETHYSTS,9995,26,,,,,10005,26,,,,,10000.0,0.0
-2,160000,STARFRUIT,4964,1,4963.0,26.0,,,4970,26,,,,,4967.0,0.0
-2,160100,AMETHYSTS,9996,2,9995.0,23.0,,,10004,2,10005.0,23.0,,,10000.0,0.0
-2,160100,STARFRUIT,4964,2,4963.0,23.0,,,4970,25,,,,,4967.0,0.0
-2,160200,STARFRUIT,4963,27,,,,,4970,28,,,,,4966.5,0.0
-2,160200,AMETHYSTS,9996,1,9995.0,27.0,,,10002,8,10004.0,1.0,10005.0,27.0,9999.0,0.0
-2,160300,AMETHYSTS,9995,30,,,,,10002,7,10005.0,30.0,,,9998.5,0.0
-2,160300,STARFRUIT,4969,1,4963.0,30.0,,,4970,30,,,,,4969.5,0.0
-2,160400,AMETHYSTS,9995,30,,,,,10005,30,,,,,10000.0,0.0
-2,160400,STARFRUIT,4964,3,4963.0,30.0,,,4970,30,,,,,4967.0,0.0
-2,160500,AMETHYSTS,9995,20,,,,,10005,20,,,,,10000.0,0.0
-2,160500,STARFRUIT,4963,20,,,,,4969,20,,,,,4966.0,0.0
-2,160600,STARFRUIT,4965,3,4963.0,26.0,,,4969,26,,,,,4967.0,0.0
-2,160600,AMETHYSTS,10000,3,9996.0,1.0,9995.0,25.0,10004,1,10005.0,25.0,,,10002.0,0.0
-2,160700,AMETHYSTS,9996,2,9995.0,25.0,,,10000,6,10004.0,2.0,10005.0,25.0,9998.0,0.0
-2,160700,STARFRUIT,4963,1,4962.0,25.0,,,4965,6,4969.0,27.0,,,4964.0,0.0
-2,160800,AMETHYSTS,9995,27,,,,,10005,27,,,,,10000.0,0.0
-2,160800,STARFRUIT,4962,27,,,,,4969,27,,,,,4965.5,0.0
-2,160900,AMETHYSTS,9996,1,9995.0,26.0,,,10002,7,10004.0,1.0,10005.0,26.0,9999.0,0.0
-2,160900,STARFRUIT,4962,27,,,,,4969,27,,,,,4965.5,0.0
-2,161000,STARFRUIT,4962,26,,,,,4969,26,,,,,4965.5,0.0
-2,161000,AMETHYSTS,9998,8,9995.0,26.0,,,10005,26,,,,,10001.5,0.0
-2,161100,STARFRUIT,4963,2,4962.0,26.0,,,4969,28,,,,,4966.0,0.0
-2,161100,AMETHYSTS,9996,2,9995.0,26.0,,,10002,1,10004.0,2.0,10005.0,26.0,9999.0,0.0
-2,161200,AMETHYSTS,9996,2,9995.0,25.0,,,10004,2,10005.0,25.0,,,10000.0,0.0
-2,161200,STARFRUIT,4963,2,4962.0,25.0,,,4964,3,4969.0,27.0,,,4963.5,0.0
-2,161300,STARFRUIT,4962,24,,,,,4969,24,,,,,4965.5,0.0
-2,161300,AMETHYSTS,9995,24,,,,,10005,24,,,,,10000.0,0.0
-2,161400,STARFRUIT,4963,2,4962.0,27.0,,,4969,29,,,,,4966.0,0.0
-2,161400,AMETHYSTS,9996,2,9995.0,27.0,,,10004,2,10005.0,27.0,,,10000.0,0.0
-2,161500,STARFRUIT,4962,27,,,,,4967,2,4968.0,1.0,4969.0,26.0,4964.5,0.0
-2,161500,AMETHYSTS,9996,1,9995.0,26.0,,,10002,7,10004.0,1.0,10005.0,26.0,9999.0,0.0
-2,161600,AMETHYSTS,9998,3,9996.0,2.0,9995.0,22.0,10004,2,10005.0,22.0,,,10001.0,0.0
-2,161600,STARFRUIT,4963,5,4962.0,24.0,,,4969,24,,,,,4966.0,0.0
-2,161700,STARFRUIT,4967,1,4962.0,25.0,,,4968,2,4969.0,23.0,,,4967.5,0.0
-2,161700,AMETHYSTS,10002,1,9996.0,2.0,9995.0,23.0,10004,2,10005.0,23.0,,,10003.0,0.0
-2,161800,STARFRUIT,4962,30,,,,,4967,8,4969.0,31.0,,,4964.5,0.0
-2,161800,AMETHYSTS,9996,2,9995.0,29.0,,,10002,3,10004.0,2.0,10005.0,29.0,9999.0,0.0
-2,161900,STARFRUIT,4963,8,4962.0,21.0,,,4969,21,,,,,4966.0,0.0
-2,161900,AMETHYSTS,9996,1,9995.0,20.0,,,9998,6,10002.0,10.0,10004.0,1.0,9997.0,0.0
-2,180000,AMETHYSTS,9996,2,9995.0,21.0,,,10004,2,10005.0,21.0,,,10000.0,0.0
-2,180000,STARFRUIT,4956,23,,,,,4957,1,4963.0,23.0,,,4956.5,0.0
-2,180100,STARFRUIT,4956,26,,,,,4963,26,,,,,4959.5,0.0
-2,180100,AMETHYSTS,9998,5,9996.0,1.0,9995.0,25.0,10004,1,10005.0,25.0,,,10001.0,0.0
-2,180200,STARFRUIT,4956,24,,,,,4963,24,,,,,4959.5,0.0
-2,180200,AMETHYSTS,9995,24,,,,,10005,24,,,,,10000.0,0.0
-2,180300,STARFRUIT,4961,1,4956.0,29.0,,,4963,29,,,,,4962.0,0.0
-2,180300,AMETHYSTS,9996,2,9995.0,27.0,,,10002,1,10004.0,2.0,10005.0,27.0,9999.0,0.0
-2,180400,AMETHYSTS,10002,1,9996.0,1.0,9995.0,21.0,10004,1,10005.0,21.0,,,10003.0,0.0
-2,180400,STARFRUIT,4956,22,,,,,4963,22,,,,,4959.5,0.0
-2,180500,STARFRUIT,4956,1,4955.0,21.0,,,4962,23,,,,,4959.0,0.0
-2,180500,AMETHYSTS,9996,2,9995.0,21.0,,,10002,6,10004.0,2.0,10005.0,21.0,9999.0,0.0
-2,180600,STARFRUIT,4956,25,,,,,4957,4,4963.0,25.0,,,4956.5,0.0
-2,180600,AMETHYSTS,9995,25,,,,,10005,25,,,,,10000.0,0.0
-2,180700,STARFRUIT,4956,26,,,,,4961,3,4962.0,1.0,4963.0,25.0,4958.5,0.0
-2,180700,AMETHYSTS,10002,1,9996.0,1.0,9995.0,25.0,10004,1,10005.0,25.0,,,10003.0,0.0
-2,180800,AMETHYSTS,9996,1,9995.0,29.0,,,10004,1,10005.0,29.0,,,10000.0,0.0
-2,180800,STARFRUIT,4956,1,4955.0,29.0,,,4962,30,,,,,4959.0,0.0
-2,180900,STARFRUIT,4956,5,4955.0,21.0,,,4962,23,,,,,4959.0,0.0
-2,180900,AMETHYSTS,9998,4,9996.0,2.0,9995.0,21.0,10004,2,10005.0,21.0,,,10001.0,0.0
-2,181000,STARFRUIT,4956,27,,,,,4963,27,,,,,4959.5,0.0
-2,181000,AMETHYSTS,9995,27,,,,,10002,3,10005.0,27.0,,,9998.5,0.0
-2,181100,STARFRUIT,4957,2,4956.0,27.0,,,4963,29,,,,,4960.0,0.0
-2,181100,AMETHYSTS,9996,2,9995.0,27.0,,,10004,2,10005.0,27.0,,,10000.0,0.0
-2,181200,AMETHYSTS,9996,2,9995.0,25.0,,,9998,10,10004.0,2.0,10005.0,25.0,9997.0,0.0
-2,181200,STARFRUIT,4962,1,4957.0,27.0,,,4963,2,4964.0,25.0,,,4962.5,0.0
-2,181300,STARFRUIT,4957,4,4956.0,28.0,,,4963,29,,,,,4960.0,0.0
-2,181300,AMETHYSTS,9996,1,9995.0,28.0,,,10002,10,10004.0,1.0,10005.0,28.0,9999.0,0.0
-2,181400,STARFRUIT,4956,25,,,,,4957,1,4963.0,25.0,,,4956.5,0.0
-2,181400,AMETHYSTS,9995,25,,,,,10005,25,,,,,10000.0,0.0
-2,181500,STARFRUIT,4957,2,4956.0,29.0,,,4963,29,,,,,4960.0,0.0
-2,181500,AMETHYSTS,9995,29,,,,,10002,10,10005.0,29.0,,,9998.5,0.0
-2,181600,AMETHYSTS,9996,1,9995.0,27.0,,,9998,1,10004.0,1.0,10005.0,27.0,9997.0,0.0
-2,181600,STARFRUIT,4956,1,4955.0,27.0,,,4962,28,,,,,4959.0,0.0
-2,181700,STARFRUIT,4957,5,4956.0,26.0,,,4963,26,,,,,4960.0,0.0
-2,181700,AMETHYSTS,9998,6,9995.0,26.0,,,10005,26,,,,,10001.5,0.0
-2,181800,STARFRUIT,4956,27,,,,,4961,7,4963.0,27.0,,,4958.5,0.0
-2,181800,AMETHYSTS,9995,27,,,,,10005,27,,,,,10000.0,0.0
-2,181900,STARFRUIT,4956,22,,,,,4963,22,,,,,4959.5,0.0
-2,181900,AMETHYSTS,9995,22,,,,,10005,22,,,,,10000.0,0.0
-2,200000,AMETHYSTS,9996,1,9995.0,22.0,,,10004,1,10005.0,22.0,,,10000.0,0.0
-2,200000,STARFRUIT,4950,23,,,,,4955,5,4957.0,23.0,,,4952.5,0.0
-2,200100,STARFRUIT,4951,27,,,,,4954,4,4956.0,8.0,4957.0,1.0,4952.5,0.0
-2,200100,AMETHYSTS,9996,1,9995.0,26.0,,,10000,4,10002.0,10.0,10004.0,1.0,9998.0,0.0
-2,200200,STARFRUIT,4951,22,,,,,4958,22,,,,,4954.5,0.0
-2,200200,AMETHYSTS,9995,22,,,,,10005,22,,,,,10000.0,0.0
-2,200300,STARFRUIT,4952,1,4951.0,27.0,,,4958,28,,,,,4955.0,0.0
-2,200300,AMETHYSTS,9996,1,9995.0,27.0,,,9998,6,10004.0,1.0,10005.0,27.0,9997.0,0.0
-2,200400,AMETHYSTS,9998,7,9996.0,1.0,9995.0,29.0,10004,1,10005.0,29.0,,,10001.0,0.0
-2,200400,STARFRUIT,4952,30,,,,,4959,30,,,,,4955.5,0.0
-2,200500,STARFRUIT,4952,30,,,,,4958,30,,,,,4955.0,0.0
-2,200500,AMETHYSTS,9996,2,9995.0,28.0,,,10004,2,10005.0,28.0,,,10000.0,0.0
-2,200600,STARFRUIT,4952,27,,,,,4959,27,,,,,4955.5,0.0
-2,200600,AMETHYSTS,9996,2,9995.0,25.0,,,10002,1,10004.0,2.0,10005.0,25.0,9999.0,0.0
-2,200700,STARFRUIT,4953,27,,,,,4960,27,,,,,4956.5,0.0
-2,200700,AMETHYSTS,9995,27,,,,,10005,27,,,,,10000.0,0.0
-2,200800,AMETHYSTS,9998,9,9995.0,24.0,,,10005,24,,,,,10001.5,0.0
-2,200800,STARFRUIT,4955,1,4954.0,24.0,,,4961,24,,,,,4958.0,0.0
-2,200900,STARFRUIT,4953,21,,,,,4960,21,,,,,4956.5,0.0
-2,200900,AMETHYSTS,9996,1,9995.0,20.0,,,10004,1,10005.0,20.0,,,10000.0,0.0
-2,201000,STARFRUIT,4953,31,,,,,4960,31,,,,,4956.5,0.0
-2,201000,AMETHYSTS,9996,1,9995.0,30.0,,,10004,1,10005.0,30.0,,,10000.0,0.0
-2,201100,AMETHYSTS,9996,1,9995.0,30.0,,,10004,1,10005.0,30.0,,,10000.0,0.0
-2,201100,STARFRUIT,4954,3,4953.0,30.0,,,4960,31,,,,,4957.0,0.0
-2,201200,STARFRUIT,4954,6,4953.0,25.0,,,4960,25,,,,,4957.0,0.0
-2,201200,AMETHYSTS,9996,1,9995.0,24.0,,,10002,2,10004.0,1.0,10005.0,24.0,9999.0,0.0
-2,201300,STARFRUIT,4954,1,4953.0,24.0,,,4960,25,,,,,4957.0,0.0
-2,201300,AMETHYSTS,9996,1,9995.0,24.0,,,10004,1,10005.0,24.0,,,10000.0,0.0
-2,201400,STARFRUIT,4954,32,,,,,4960,2,4961.0,30.0,,,4957.0,0.0
-2,201400,AMETHYSTS,9996,2,9995.0,30.0,,,10004,2,10005.0,30.0,,,10000.0,0.0
-2,201500,AMETHYSTS,9996,2,9995.0,21.0,,,10004,2,10005.0,21.0,,,10000.0,0.0
-2,201500,STARFRUIT,4954,2,4953.0,21.0,,,4960,23,,,,,4957.0,0.0
-2,201600,STARFRUIT,4959,1,4954.0,1.0,4953.0,30.0,4960,30,,,,,4959.5,0.0
-2,201600,AMETHYSTS,9996,2,9995.0,28.0,,,10004,2,10005.0,28.0,,,10000.0,0.0
-2,201700,STARFRUIT,4954,8,4953.0,31.0,,,4960,31,,,,,4957.0,0.0
-2,201700,AMETHYSTS,9996,2,9995.0,29.0,,,9998,1,10004.0,2.0,10005.0,29.0,9997.0,0.0
-2,201800,STARFRUIT,4953,24,,,,,4958,1,4960.0,24.0,,,4955.5,0.0
-2,201800,AMETHYSTS,9996,2,9995.0,22.0,,,10002,7,10004.0,2.0,10005.0,22.0,9999.0,0.0
-2,201900,AMETHYSTS,9995,27,,,,,9998,1,10005.0,27.0,,,9996.5,0.0
-2,201900,STARFRUIT,4954,27,,,,,4959,1,4961.0,27.0,,,4956.5,0.0
-2,220000,STARFRUIT,4952,30,,,,,4959,30,,,,,4955.5,0.0
-2,220000,AMETHYSTS,9995,30,,,,,10005,30,,,,,10000.0,0.0
-2,220100,STARFRUIT,4958,1,4953.0,27.0,,,4959,27,,,,,4958.5,0.0
-2,220100,AMETHYSTS,9996,1,9995.0,26.0,,,10004,1,10005.0,26.0,,,10000.0,0.0
-2,220200,STARFRUIT,4953,2,4952.0,30.0,,,4959,32,,,,,4956.0,0.0
-2,220200,AMETHYSTS,9996,2,9995.0,30.0,,,10004,2,10005.0,30.0,,,10000.0,0.0
-2,220300,AMETHYSTS,10002,1,9995.0,26.0,,,10005,26,,,,,10003.5,0.0
-2,220300,STARFRUIT,4952,26,,,,,4957,5,4959.0,26.0,,,4954.5,0.0
-2,220400,STARFRUIT,4953,1,4952.0,23.0,,,4957,6,4959.0,24.0,,,4955.0,0.0
-2,220400,AMETHYSTS,9996,1,9995.0,23.0,,,10004,1,10005.0,23.0,,,10000.0,0.0
-2,220500,STARFRUIT,4953,23,,,,,4956,5,4960.0,23.0,,,4954.5,0.0
-2,220500,AMETHYSTS,9998,10,9995.0,23.0,,,10000,5,10005.0,23.0,,,9999.0,0.0
-2,220600,STARFRUIT,4953,22,,,,,4960,22,,,,,4956.5,0.0
-2,220600,AMETHYSTS,9995,22,,,,,10002,5,10005.0,22.0,,,9998.5,0.0
-2,220700,AMETHYSTS,9998,3,9996.0,2.0,9995.0,22.0,10004,2,10005.0,22.0,,,10001.0,0.0
-2,220700,STARFRUIT,4953,24,,,,,4958,6,4960.0,24.0,,,4955.5,0.0
-2,220800,STARFRUIT,4953,23,,,,,4954,1,4960.0,23.0,,,4953.5,0.0
-2,220800,AMETHYSTS,10002,8,9998.0,6.0,9995.0,23.0,10005,23,,,,,10003.5,0.0
-2,220900,AMETHYSTS,9995,20,,,,,10002,2,10005.0,20.0,,,9998.5,0.0
-2,220900,STARFRUIT,4953,20,,,,,4960,20,,,,,4956.5,0.0
-2,221000,AMETHYSTS,9998,8,9995.0,26.0,,,10005,26,,,,,10001.5,0.0
-2,221000,STARFRUIT,4952,26,,,,,4959,26,,,,,4955.5,0.0
-2,221100,AMETHYSTS,9996,2,9995.0,21.0,,,10004,2,10005.0,21.0,,,10000.0,0.0
-2,221100,STARFRUIT,4952,23,,,,,4959,23,,,,,4955.5,0.0
-2,221200,STARFRUIT,4953,6,4952.0,29.0,,,4959,29,,,,,4956.0,0.0
-2,221200,AMETHYSTS,9998,10,9995.0,29.0,,,10005,29,,,,,10001.5,0.0
-2,221300,AMETHYSTS,9996,2,9995.0,24.0,,,10004,2,10005.0,24.0,,,10000.0,0.0
-2,221300,STARFRUIT,4953,3,4952.0,26.0,,,4959,26,,,,,4956.0,0.0
-2,221400,AMETHYSTS,9995,25,,,,,10005,25,,,,,10000.0,0.0
-2,221400,STARFRUIT,4953,25,,,,,4960,25,,,,,4956.5,0.0
-2,221500,AMETHYSTS,9996,2,9995.0,28.0,,,10004,2,10005.0,28.0,,,10000.0,0.0
-2,221500,STARFRUIT,4958,1,4953.0,30.0,,,4959,30,,,,,4958.5,0.0
-2,221600,STARFRUIT,4954,7,4953.0,31.0,,,4959,2,4960.0,29.0,,,4956.5,0.0
-2,221600,AMETHYSTS,9996,2,9995.0,29.0,,,10004,2,10005.0,29.0,,,10000.0,0.0
-2,221700,AMETHYSTS,9996,1,9995.0,20.0,,,10004,1,10005.0,20.0,,,10000.0,0.0
-2,221700,STARFRUIT,4953,20,,,,,4957,7,4959.0,21.0,,,4955.0,0.0
-2,221800,AMETHYSTS,9998,10,9995.0,28.0,,,10000,6,10005.0,28.0,,,9999.0,0.0
-2,221800,STARFRUIT,4953,28,,,,,4956,6,4960.0,28.0,,,4954.5,0.0
-2,221900,AMETHYSTS,9996,1,9995.0,24.0,,,9998,1,10004.0,1.0,10005.0,24.0,9997.0,0.0
-2,221900,STARFRUIT,4958,1,4953.0,25.0,,,4960,25,,,,,4959.0,0.0
-2,240000,STARFRUIT,4952,27,,,,,4959,27,,,,,4955.5,0.0
-2,240000,AMETHYSTS,9998,8,9996.0,1.0,9995.0,26.0,10004,1,10005.0,26.0,,,10001.0,0.0
-2,240100,AMETHYSTS,10000,1,9996.0,1.0,9995.0,23.0,10002,2,10004.0,1.0,10005.0,23.0,10001.0,0.0
-2,240100,STARFRUIT,4955,2,4952.0,24.0,,,4958,1,4959.0,23.0,,,4956.5,0.0
-2,240200,AMETHYSTS,9996,2,9995.0,20.0,,,10004,2,10005.0,20.0,,,10000.0,0.0
-2,240200,STARFRUIT,4952,2,4951.0,20.0,,,4958,22,,,,,4955.0,0.0
-2,240300,AMETHYSTS,9998,8,9996.0,2.0,9995.0,23.0,10004,2,10005.0,23.0,,,10001.0,0.0
-2,240300,STARFRUIT,4952,25,,,,,4958,2,4959.0,23.0,,,4955.0,0.0
-2,240400,STARFRUIT,4952,29,,,,,4959,29,,,,,4955.5,0.0
-2,240400,AMETHYSTS,9996,1,9995.0,28.0,,,10004,1,10005.0,28.0,,,10000.0,0.0
-2,240500,AMETHYSTS,9995,30,,,,,10002,4,10005.0,30.0,,,9998.5,0.0
-2,240500,STARFRUIT,4952,30,,,,,4959,30,,,,,4955.5,0.0
-2,240600,AMETHYSTS,9995,29,,,,,10005,29,,,,,10000.0,0.0
-2,240600,STARFRUIT,4953,29,,,,,4960,29,,,,,4956.5,0.0
-2,240700,AMETHYSTS,9996,1,9995.0,30.0,,,9998,1,10004.0,1.0,10005.0,30.0,9997.0,0.0
-2,240700,STARFRUIT,4953,31,,,,,4958,5,4960.0,31.0,,,4955.5,0.0
-2,240800,STARFRUIT,4953,23,,,,,4960,23,,,,,4956.5,0.0
-2,240800,AMETHYSTS,9995,23,,,,,10005,23,,,,,10000.0,0.0
-2,240900,AMETHYSTS,9996,1,9995.0,21.0,,,10004,1,10005.0,21.0,,,10000.0,0.0
-2,240900,STARFRUIT,4953,1,4952.0,21.0,,,4959,22,,,,,4956.0,0.0
-2,241000,AMETHYSTS,9995,30,,,,,10005,30,,,,,10000.0,0.0
-2,241000,STARFRUIT,4953,29,,,,,4960,30,,,,,4956.5,0.0
-2,241100,STARFRUIT,4953,28,,,,,4958,8,4960.0,28.0,,,4955.5,0.0
-2,241100,AMETHYSTS,9995,28,,,,,10005,28,,,,,10000.0,0.0
-2,241200,STARFRUIT,4954,25,,,,,4961,26,,,,,4957.5,0.0
-2,241200,AMETHYSTS,9995,26,,,,,9998,3,10005.0,26.0,,,9996.5,0.0
-2,241300,STARFRUIT,4954,23,,,,,4961,23,,,,,4957.5,0.0
-2,241300,AMETHYSTS,9996,2,9995.0,21.0,,,9998,4,10004.0,2.0,10005.0,21.0,9997.0,0.0
-2,241400,AMETHYSTS,9996,1,9995.0,23.0,,,10004,1,10005.0,23.0,,,10000.0,0.0
-2,241400,STARFRUIT,4954,24,,,,,4959,2,4960.0,1.0,4961.0,23.0,4956.5,0.0
-2,241500,STARFRUIT,4954,28,,,,,4960,29,,,,,4957.0,0.0
-2,241500,AMETHYSTS,9996,2,9995.0,27.0,,,10004,2,10005.0,27.0,,,10000.0,0.0
-2,241600,STARFRUIT,4954,24,,,,,4957,2,4961.0,24.0,,,4955.5,0.0
-2,241600,AMETHYSTS,9996,2,9995.0,22.0,,,10000,2,10002.0,1.0,10004.0,2.0,9998.0,0.0
-2,241700,STARFRUIT,4953,22,,,,,4960,22,,,,,4956.5,0.0
-2,241700,AMETHYSTS,9996,1,9995.0,21.0,,,10002,8,10004.0,1.0,10005.0,21.0,9999.0,0.0
-2,241800,AMETHYSTS,9998,7,9996.0,1.0,9995.0,25.0,10004,1,10005.0,25.0,,,10001.0,0.0
-2,241800,STARFRUIT,4954,8,4953.0,26.0,,,4959,1,4960.0,25.0,,,4956.5,0.0
-2,241900,STARFRUIT,4953,23,,,,,4960,23,,,,,4956.5,0.0
-2,241900,AMETHYSTS,9996,2,9995.0,21.0,,,10004,2,10005.0,21.0,,,10000.0,0.0
-2,260000,STARFRUIT,4951,30,,,,,4956,6,4958.0,30.0,,,4953.5,0.0
-2,260000,AMETHYSTS,9996,2,9995.0,28.0,,,10002,5,10004.0,2.0,10005.0,28.0,9999.0,0.0
-2,260100,STARFRUIT,4955,4,4951.0,21.0,,,4957,1,4958.0,20.0,,,4956.0,0.0
-2,260100,AMETHYSTS,9996,1,9995.0,20.0,,,10004,1,10005.0,20.0,,,10000.0,0.0
-2,260200,AMETHYSTS,9995,24,,,,,10005,24,,,,,10000.0,0.0
-2,260200,STARFRUIT,4951,24,,,,,4958,24,,,,,4954.5,0.0
-2,260300,STARFRUIT,4951,21,,,,,4957,22,,,,,4954.0,0.0
-2,260300,AMETHYSTS,10002,1,9996.0,2.0,9995.0,20.0,10004,2,10005.0,20.0,,,10003.0,0.0
-2,260400,STARFRUIT,4952,6,4951.0,30.0,,,4957,1,4958.0,29.0,,,4954.5,0.0
-2,260400,AMETHYSTS,9996,1,9995.0,29.0,,,10002,8,10004.0,1.0,10005.0,29.0,9999.0,0.0
-2,260500,STARFRUIT,4950,30,,,,,4953,5,4955.0,8.0,4957.0,30.0,4951.5,0.0
-2,260500,AMETHYSTS,9996,1,9995.0,29.0,,,10000,5,10004.0,1.0,10005.0,29.0,9998.0,0.0
-2,260600,AMETHYSTS,9996,1,9995.0,30.0,,,10004,1,10005.0,30.0,,,10000.0,0.0
-2,260600,STARFRUIT,4951,30,,,,,4957,1,4958.0,30.0,,,4954.0,0.0
-2,260700,STARFRUIT,4951,6,4950.0,20.0,,,4953,4,4957.0,20.0,,,4952.0,0.0
-2,260700,AMETHYSTS,9995,20,,,,,9998,1,10000.0,4.0,10005.0,20.0,9996.5,0.0
-2,260800,STARFRUIT,4951,25,,,,,4957,25,,,,,4954.0,0.0
-2,260800,AMETHYSTS,9996,2,9995.0,23.0,,,9998,1,10004.0,2.0,10005.0,23.0,9997.0,0.0
-2,260900,STARFRUIT,4950,23,,,,,4956,2,4957.0,21.0,,,4953.0,0.0
-2,260900,AMETHYSTS,9996,2,9995.0,21.0,,,10002,6,10004.0,2.0,10005.0,21.0,9999.0,0.0
-2,261000,AMETHYSTS,9996,1,9995.0,27.0,,,10000,2,10004.0,1.0,10005.0,27.0,9998.0,0.0
-2,261000,STARFRUIT,4951,1,4950.0,27.0,,,4953,1,4957.0,28.0,,,4952.0,0.0
-2,261100,STARFRUIT,4951,30,,,,,4957,30,,,,,4954.0,0.0
-2,261100,AMETHYSTS,9995,30,,,,,10005,30,,,,,10000.0,0.0
-2,261200,STARFRUIT,4952,7,4951.0,24.0,,,4958,26,,,,,4955.0,0.0
-2,261200,AMETHYSTS,9996,2,9995.0,24.0,,,10002,5,10004.0,2.0,10005.0,24.0,9999.0,0.0
-2,261300,STARFRUIT,4952,7,4951.0,28.0,,,4958,28,,,,,4955.0,0.0
-2,261300,AMETHYSTS,10002,1,9998.0,8.0,9995.0,28.0,10005,28,,,,,10003.5,0.0
-2,261400,AMETHYSTS,9996,1,9995.0,21.0,,,10002,10,10004.0,1.0,10005.0,21.0,9999.0,0.0
-2,261400,STARFRUIT,4952,1,4951.0,21.0,,,4958,22,,,,,4955.0,0.0
-2,261500,STARFRUIT,4952,4,4951.0,23.0,,,4958,25,,,,,4955.0,0.0
-2,261500,AMETHYSTS,9998,5,9996.0,2.0,9995.0,23.0,10004,2,10005.0,23.0,,,10001.0,0.0
-2,261600,STARFRUIT,4951,26,,,,,4958,26,,,,,4954.5,0.0
-2,261600,AMETHYSTS,10002,1,9998.0,2.0,9996.0,1.0,10004,1,10005.0,25.0,,,10003.0,0.0
-2,261700,STARFRUIT,4952,23,,,,,4957,6,4958.0,1.0,4959.0,22.0,4954.5,0.0
-2,261700,AMETHYSTS,9996,1,9995.0,22.0,,,10004,1,10005.0,22.0,,,10000.0,0.0
-2,261800,AMETHYSTS,9996,2,9995.0,30.0,,,10002,9,10004.0,2.0,10005.0,30.0,9999.0,0.0
-2,261800,STARFRUIT,4952,2,4951.0,30.0,,,4956,1,4958.0,32.0,,,4954.0,0.0
-2,261900,STARFRUIT,4952,29,,,,,4957,8,4959.0,30.0,,,4954.5,0.0
-2,261900,AMETHYSTS,9995,30,,,,,10005,30,,,,,10000.0,0.0
-2,280000,STARFRUIT,4959,27,,,,,4966,27,,,,,4962.5,0.0
-2,280000,AMETHYSTS,9996,2,9995.0,25.0,,,10004,2,10005.0,25.0,,,10000.0,0.0
-2,280100,STARFRUIT,4959,32,,,,,4965,2,4966.0,30.0,,,4962.0,0.0
-2,280100,AMETHYSTS,9996,2,9995.0,30.0,,,10004,2,10005.0,30.0,,,10000.0,0.0
-2,280200,AMETHYSTS,9995,24,,,,,10005,24,,,,,10000.0,0.0
-2,280200,STARFRUIT,4959,24,,,,,4960,3,4966.0,24.0,,,4959.5,0.0
-2,280300,STARFRUIT,4960,8,4959.0,27.0,,,4966,29,,,,,4963.0,0.0
-2,280300,AMETHYSTS,9996,2,9995.0,27.0,,,10004,2,10005.0,27.0,,,10000.0,0.0
-2,280400,STARFRUIT,4960,29,,,,,4966,29,,,,,4963.0,0.0
-2,280400,AMETHYSTS,9996,2,9995.0,27.0,,,10004,2,10005.0,27.0,,,10000.0,0.0
-2,280500,STARFRUIT,4959,30,,,,,4960,1,4966.0,30.0,,,4959.5,0.0
-2,280500,AMETHYSTS,10002,6,9995.0,30.0,,,10005,30,,,,,10003.5,0.0
-2,280600,AMETHYSTS,9995,23,,,,,10005,23,,,,,10000.0,0.0
-2,280600,STARFRUIT,4959,23,,,,,4966,23,,,,,4962.5,0.0
-2,280700,STARFRUIT,4960,2,4959.0,23.0,,,4966,25,,,,,4963.0,0.0
-2,280700,AMETHYSTS,9996,2,9995.0,23.0,,,10004,2,10005.0,23.0,,,10000.0,0.0
-2,280800,STARFRUIT,4959,28,,,,,4966,28,,,,,4962.5,0.0
-2,280800,AMETHYSTS,9995,28,,,,,10005,28,,,,,10000.0,0.0
-2,280900,STARFRUIT,4963,4,4960.0,27.0,,,4965,4,4966.0,2.0,4967.0,25.0,4964.0,0.0
-2,280900,AMETHYSTS,10000,4,9998.0,8.0,9996.0,2.0,10004,2,10005.0,25.0,,,10002.0,0.0
-2,281000,STARFRUIT,4960,1,4959.0,20.0,,,4966,21,,,,,4963.0,0.0
-2,281000,AMETHYSTS,10002,3,9996.0,1.0,9995.0,20.0,10004,1,10005.0,20.0,,,10003.0,0.0
-2,281100,STARFRUIT,4959,31,,,,,4966,31,,,,,4962.5,0.0
-2,281100,AMETHYSTS,10002,5,9996.0,1.0,9995.0,30.0,10004,1,10005.0,30.0,,,10003.0,0.0
-2,281200,STARFRUIT,4960,2,4959.0,30.0,,,4966,32,,,,,4963.0,0.0
-2,281200,AMETHYSTS,9996,2,9995.0,30.0,,,10004,2,10005.0,30.0,,,10000.0,0.0
-2,281300,AMETHYSTS,9995,22,,,,,10005,22,,,,,10000.0,0.0
-2,281300,STARFRUIT,4960,22,,,,,4967,22,,,,,4963.5,0.0
-2,281400,STARFRUIT,4959,25,,,,,4962,2,4966.0,25.0,,,4960.5,0.0
-2,281400,AMETHYSTS,9998,8,9996.0,1.0,9995.0,24.0,10000,2,10004.0,1.0,10005.0,24.0,9999.0,0.0
-2,281500,STARFRUIT,4960,2,4959.0,28.0,,,4966,28,,,,,4963.0,0.0
-2,281500,AMETHYSTS,9995,28,,,,,10005,28,,,,,10000.0,0.0
-2,281600,STARFRUIT,4959,29,,,,,4966,29,,,,,4962.5,0.0
-2,281600,AMETHYSTS,9998,1,9996.0,1.0,9995.0,28.0,10004,1,10005.0,28.0,,,10001.0,0.0
-2,281700,AMETHYSTS,9995,26,,,,,10005,26,,,,,10000.0,0.0
-2,281700,STARFRUIT,4960,5,4959.0,26.0,,,4966,26,,,,,4963.0,0.0
-2,281800,STARFRUIT,4960,25,,,,,4967,25,,,,,4963.5,0.0
-2,281800,AMETHYSTS,9995,25,,,,,10005,25,,,,,10000.0,0.0
-2,281900,STARFRUIT,4961,28,,,,,4967,28,,,,,4964.0,0.0
-2,281900,AMETHYSTS,9996,1,9995.0,27.0,,,10004,1,10005.0,27.0,,,10000.0,0.0
-2,300000,STARFRUIT,4961,29,,,,,4966,3,4968.0,29.0,,,4963.5,0.0
-2,300000,AMETHYSTS,9996,1,9995.0,28.0,,,10004,1,10005.0,28.0,,,10000.0,0.0
-2,300100,AMETHYSTS,9996,1,9995.0,20.0,,,10004,1,10005.0,20.0,,,10000.0,0.0
-2,300100,STARFRUIT,4962,1,4961.0,20.0,,,4968,21,,,,,4965.0,0.0
-2,300200,STARFRUIT,4961,30,,,,,4967,2,4968.0,28.0,,,4964.0,0.0
-2,300200,AMETHYSTS,9996,2,9995.0,28.0,,,10004,2,10005.0,28.0,,,10000.0,0.0
-2,300300,STARFRUIT,4961,24,,,,,4967,2,4968.0,22.0,,,4964.0,0.0
-2,300300,AMETHYSTS,9996,2,9995.0,22.0,,,10002,5,10004.0,2.0,10005.0,22.0,9999.0,0.0
-2,300400,STARFRUIT,4961,25,,,,,4968,25,,,,,4964.5,0.0
-2,300400,AMETHYSTS,9995,25,,,,,10005,25,,,,,10000.0,0.0
-2,300500,AMETHYSTS,9996,1,9995.0,27.0,,,10000,3,10004.0,1.0,10005.0,27.0,9998.0,0.0
-2,300500,STARFRUIT,4960,28,,,,,4963,3,4967.0,28.0,,,4961.5,0.0
-2,300600,STARFRUIT,4960,21,,,,,4967,21,,,,,4963.5,0.0
-2,300600,AMETHYSTS,10002,3,9995.0,21.0,,,10005,21,,,,,10003.5,0.0
-2,300700,STARFRUIT,4960,26,,,,,4967,26,,,,,4963.5,0.0
-2,300700,AMETHYSTS,9995,26,,,,,10002,7,10005.0,26.0,,,9998.5,0.0
-2,300800,STARFRUIT,4961,6,4960.0,25.0,,,4967,25,,,,,4964.0,0.0
-2,300800,AMETHYSTS,9995,25,,,,,10005,25,,,,,10000.0,0.0
-2,300900,AMETHYSTS,9996,2,9995.0,30.0,,,10004,2,10005.0,30.0,,,10000.0,0.0
-2,300900,STARFRUIT,4960,3,4959.0,30.0,,,4966,32,,,,,4963.0,0.0
-2,301000,STARFRUIT,4960,27,,,,,4966,1,4967.0,26.0,,,4963.0,0.0
-2,301000,AMETHYSTS,9996,1,9995.0,26.0,,,10002,4,10004.0,1.0,10005.0,26.0,9999.0,0.0
-2,301100,AMETHYSTS,9995,30,,,,,10005,30,,,,,10000.0,0.0
-2,301100,STARFRUIT,4961,30,,,,,4968,30,,,,,4964.5,0.0
-2,301200,AMETHYSTS,9995,29,,,,,10005,29,,,,,10000.0,0.0
-2,301200,STARFRUIT,4961,3,4960.0,29.0,,,4967,29,,,,,4964.0,0.0
-2,301300,AMETHYSTS,9998,5,9995.0,20.0,,,10005,20,,,,,10001.5,0.0
-2,301300,STARFRUIT,4961,8,4960.0,20.0,,,4967,20,,,,,4964.0,0.0
-2,301400,STARFRUIT,4960,27,,,,,4965,7,4967.0,27.0,,,4962.5,0.0
-2,301400,AMETHYSTS,9995,27,,,,,10005,27,,,,,10000.0,0.0
-2,301500,AMETHYSTS,10002,1,9995.0,29.0,,,10005,29,,,,,10003.5,0.0
-2,301500,STARFRUIT,4961,29,,,,,4968,29,,,,,4964.5,0.0
-2,301600,AMETHYSTS,9995,25,,,,,10005,25,,,,,10000.0,0.0
-2,301600,STARFRUIT,4961,25,,,,,4966,5,4967.0,25.0,,,4963.5,0.0
-2,301700,AMETHYSTS,9995,30,,,,,10002,8,10005.0,30.0,,,9998.5,0.0
-2,301700,STARFRUIT,4960,29,,,,,4967,30,,,,,4963.5,0.0
-2,301800,STARFRUIT,4960,21,,,,,4961,3,4967.0,21.0,,,4960.5,0.0
-2,301800,AMETHYSTS,9995,21,,,,,10005,21,,,,,10000.0,0.0
-2,301900,AMETHYSTS,9996,2,9995.0,28.0,,,10002,8,10004.0,2.0,10005.0,28.0,9999.0,0.0
-2,301900,STARFRUIT,4961,2,4960.0,30.0,,,4966,2,4967.0,28.0,,,4963.5,0.0
-2,320000,AMETHYSTS,9998,8,9996.0,2.0,9995.0,23.0,10004,2,10005.0,23.0,,,10001.0,0.0
-2,320000,STARFRUIT,4963,25,,,,,4969,25,,,,,4966.0,0.0
-2,320100,AMETHYSTS,9996,1,9995.0,22.0,,,9998,1,10004.0,1.0,10005.0,22.0,9997.0,0.0
-2,320100,STARFRUIT,4963,7,4962.0,22.0,,,4969,23,,,,,4966.0,0.0
-2,320200,STARFRUIT,4962,27,,,,,4969,27,,,,,4965.5,0.0
-2,320200,AMETHYSTS,9995,27,,,,,9998,1,10005.0,27.0,,,9996.5,0.0
-2,320300,AMETHYSTS,9996,1,9995.0,28.0,,,10004,1,10005.0,28.0,,,10000.0,0.0
-2,320300,STARFRUIT,4962,29,,,,,4969,29,,,,,4965.5,0.0
-2,320400,AMETHYSTS,9995,30,,,,,10005,30,,,,,10000.0,0.0
-2,320400,STARFRUIT,4967,1,4962.0,30.0,,,4969,30,,,,,4968.0,0.0
-2,320500,AMETHYSTS,9996,1,9995.0,21.0,,,10004,1,10005.0,21.0,,,10000.0,0.0
-2,320500,STARFRUIT,4962,21,,,,,4967,7,4969.0,22.0,,,4964.5,0.0
-2,320600,STARFRUIT,4963,23,,,,,4968,7,4969.0,2.0,4970.0,21.0,4965.5,0.0
-2,320600,AMETHYSTS,9996,2,9995.0,21.0,,,10002,10,10004.0,2.0,10005.0,21.0,9999.0,0.0
-2,320700,AMETHYSTS,9996,1,9995.0,24.0,,,10004,1,10005.0,24.0,,,10000.0,0.0
-2,320700,STARFRUIT,4963,25,,,,,4969,25,,,,,4966.0,0.0
-2,320800,AMETHYSTS,9996,1,9995.0,26.0,,,10004,1,10005.0,26.0,,,10000.0,0.0
-2,320800,STARFRUIT,4963,27,,,,,4968,5,4969.0,1.0,4970.0,26.0,4965.5,0.0
-2,320900,AMETHYSTS,10002,1,9998.0,7.0,9995.0,24.0,10005,24,,,,,10003.5,0.0
-2,320900,STARFRUIT,4962,24,,,,,4969,24,,,,,4965.5,0.0
-2,321000,STARFRUIT,4962,29,,,,,4969,29,,,,,4965.5,0.0
-2,321000,AMETHYSTS,9995,29,,,,,10005,29,,,,,10000.0,0.0
-2,321100,STARFRUIT,4962,26,,,,,4965,4,4969.0,26.0,,,4963.5,0.0
-2,321100,AMETHYSTS,9996,1,9995.0,25.0,,,10000,4,10004.0,1.0,10005.0,25.0,9998.0,0.0
-2,321200,AMETHYSTS,9996,1,9995.0,27.0,,,10004,1,10005.0,27.0,,,10000.0,0.0
-2,321200,STARFRUIT,4962,8,4961.0,28.0,,,4968,28,,,,,4965.0,0.0
-2,321300,STARFRUIT,4962,6,4961.0,27.0,,,4968,27,,,,,4965.0,0.0
-2,321300,AMETHYSTS,9998,2,9996.0,2.0,9995.0,25.0,10004,2,10005.0,25.0,,,10001.0,0.0
-2,321400,STARFRUIT,4961,21,,,,,4962,1,4966.0,6.0,4968.0,21.0,4961.5,0.0
-2,321400,AMETHYSTS,9995,21,,,,,10005,21,,,,,10000.0,0.0
-2,321500,STARFRUIT,4961,28,,,,,4967,1,4968.0,27.0,,,4964.0,0.0
-2,321500,AMETHYSTS,9996,1,9995.0,27.0,,,10004,1,10005.0,27.0,,,10000.0,0.0
-2,321600,AMETHYSTS,9996,2,9995.0,29.0,,,10004,2,10005.0,29.0,,,10000.0,0.0
-2,321600,STARFRUIT,4961,8,4960.0,29.0,,,4967,31,,,,,4964.0,0.0
-2,321700,STARFRUIT,4960,22,,,,,4965,5,4967.0,22.0,,,4962.5,0.0
-2,321700,AMETHYSTS,9998,8,9996.0,1.0,9995.0,21.0,10004,1,10005.0,21.0,,,10001.0,0.0
-2,321800,STARFRUIT,4960,28,,,,,4967,29,,,,,4963.5,0.0
-2,321800,AMETHYSTS,9996,1,9995.0,28.0,,,10004,1,10005.0,28.0,,,10000.0,0.0
-2,321900,STARFRUIT,4960,2,4959.0,23.0,,,4966,25,,,,,4963.0,0.0
-2,321900,AMETHYSTS,9996,2,9995.0,23.0,,,10004,2,10005.0,23.0,,,10000.0,0.0
-2,340000,AMETHYSTS,9996,1,9995.0,20.0,,,10004,1,10005.0,20.0,,,10000.0,0.0
-2,340000,STARFRUIT,4969,21,,,,,4975,1,4976.0,20.0,,,4972.0,0.0
-2,340100,STARFRUIT,4974,1,4969.0,22.0,,,4976,22,,,,,4975.0,0.0
-2,340100,AMETHYSTS,9995,22,,,,,10005,22,,,,,10000.0,0.0
-2,340200,STARFRUIT,4969,25,,,,,4975,2,4976.0,23.0,,,4972.0,0.0
-2,340200,AMETHYSTS,10002,1,9996.0,2.0,9995.0,23.0,10004,2,10005.0,23.0,,,10003.0,0.0
-2,340300,STARFRUIT,4969,25,,,,,4976,25,,,,,4972.5,0.0
-2,340300,AMETHYSTS,9998,10,9996.0,1.0,9995.0,24.0,10004,1,10005.0,24.0,,,10001.0,0.0
-2,340400,AMETHYSTS,9995,21,,,,,10005,21,,,,,10000.0,0.0
-2,340400,STARFRUIT,4969,21,,,,,4976,21,,,,,4972.5,0.0
-2,340500,STARFRUIT,4974,1,4968.0,24.0,,,4975,24,,,,,4974.5,0.0
-2,340500,AMETHYSTS,9995,24,,,,,10005,24,,,,,10000.0,0.0
-2,340600,STARFRUIT,4968,24,,,,,4973,2,4975.0,24.0,,,4970.5,0.0
-2,340600,AMETHYSTS,9995,24,,,,,10005,24,,,,,10000.0,0.0
-2,340700,STARFRUIT,4969,32,,,,,4975,2,4976.0,30.0,,,4972.0,0.0
-2,340700,AMETHYSTS,9996,2,9995.0,30.0,,,10004,2,10005.0,30.0,,,10000.0,0.0
-2,340800,AMETHYSTS,9996,2,9995.0,20.0,,,10004,2,10005.0,20.0,,,10000.0,0.0
-2,340800,STARFRUIT,4969,22,,,,,4976,22,,,,,4972.5,0.0
-2,340900,STARFRUIT,4970,23,,,,,4975,3,4977.0,23.0,,,4972.5,0.0
-2,340900,AMETHYSTS,9995,23,,,,,10002,9,10005.0,23.0,,,9998.5,0.0
-2,341000,STARFRUIT,4970,29,,,,,4976,2,4977.0,27.0,,,4973.0,0.0
-2,341000,AMETHYSTS,9996,2,9995.0,27.0,,,10004,2,10005.0,27.0,,,10000.0,0.0
-2,341100,STARFRUIT,4970,28,,,,,4975,5,4977.0,28.0,,,4972.5,0.0
-2,341100,AMETHYSTS,9995,28,,,,,9998,1,10002.0,1.0,10005.0,28.0,9996.5,0.0
-2,341200,AMETHYSTS,9996,1,9995.0,30.0,,,10004,1,10005.0,30.0,,,10000.0,0.0
-2,341200,STARFRUIT,4969,31,,,,,4971,3,4976.0,31.0,,,4970.0,0.0
-2,341300,STARFRUIT,4975,1,4970.0,2.0,4969.0,22.0,4976,24,,,,,4975.5,0.0
-2,341300,AMETHYSTS,10002,1,9996.0,2.0,9995.0,22.0,10004,2,10005.0,22.0,,,10003.0,0.0
-2,341400,STARFRUIT,4970,30,,,,,4976,1,4977.0,29.0,,,4973.0,0.0
-2,341400,AMETHYSTS,9998,2,9996.0,1.0,9995.0,29.0,10004,1,10005.0,29.0,,,10001.0,0.0
-2,341500,STARFRUIT,4970,30,,,,,4975,5,4977.0,30.0,,,4972.5,0.0
-2,341500,AMETHYSTS,9996,1,9995.0,29.0,,,10004,1,10005.0,29.0,,,10000.0,0.0
-2,341600,AMETHYSTS,9995,21,,,,,9998,1,10005.0,21.0,,,9996.5,0.0
-2,341600,STARFRUIT,4971,8,4970.0,21.0,,,4977,21,,,,,4974.0,0.0
-2,341700,STARFRUIT,4976,1,4971.0,2.0,4970.0,30.0,4977,32,,,,,4976.5,0.0
-2,341700,AMETHYSTS,10002,3,9996.0,2.0,9995.0,30.0,10004,2,10005.0,30.0,,,10003.0,0.0
-2,341800,STARFRUIT,4971,1,4970.0,26.0,,,4977,27,,,,,4974.0,0.0
-2,341800,AMETHYSTS,9996,1,9995.0,26.0,,,10004,1,10005.0,26.0,,,10000.0,0.0
-2,341900,STARFRUIT,4970,32,,,,,4977,32,,,,,4973.5,0.0
-2,341900,AMETHYSTS,9996,2,9995.0,30.0,,,9998,1,10002.0,5.0,10004.0,2.0,9997.0,0.0
-2,360000,AMETHYSTS,9998,5,9995.0,23.0,,,10005,23,,,,,10001.5,0.0
-2,360000,STARFRUIT,4976,23,,,,,4983,23,,,,,4979.5,0.0
-2,360100,STARFRUIT,4977,3,4976.0,26.0,,,4983,28,,,,,4980.0,0.0
-2,360100,AMETHYSTS,9996,2,9995.0,26.0,,,10004,2,10005.0,26.0,,,10000.0,0.0
-2,360200,STARFRUIT,4976,21,,,,,4981,4,4983.0,21.0,,,4978.5,0.0
-2,360200,AMETHYSTS,9995,21,,,,,10002,6,10005.0,21.0,,,9998.5,0.0
-2,360300,STARFRUIT,4982,1,4976.0,29.0,,,4983,29,,,,,4982.5,0.0
-2,360300,AMETHYSTS,9996,1,9995.0,28.0,,,10004,1,10005.0,28.0,,,10000.0,0.0
-2,360400,AMETHYSTS,10002,1,9995.0,22.0,,,10005,22,,,,,10003.5,0.0
-2,360400,STARFRUIT,4976,22,,,,,4981,8,4983.0,22.0,,,4978.5,0.0
-2,360500,STARFRUIT,4976,24,,,,,4981,8,4982.0,1.0,4983.0,23.0,4978.5,0.0
-2,360500,AMETHYSTS,9996,1,9995.0,23.0,,,10004,1,10005.0,23.0,,,10000.0,0.0
-2,360600,STARFRUIT,4982,1,4976.0,27.0,,,4983,27,,,,,4982.5,0.0
-2,360600,AMETHYSTS,9996,2,9995.0,25.0,,,10002,6,10004.0,2.0,10005.0,25.0,9999.0,0.0
-2,360700,STARFRUIT,4977,27,,,,,4984,27,,,,,4980.5,0.0
-2,360700,AMETHYSTS,9995,27,,,,,10002,7,10005.0,27.0,,,9998.5,0.0
-2,360800,AMETHYSTS,9996,2,9995.0,21.0,,,10004,2,10005.0,21.0,,,10000.0,0.0
-2,360800,STARFRUIT,4977,23,,,,,4983,2,4984.0,21.0,,,4980.0,0.0
-2,360900,STARFRUIT,4977,25,,,,,4984,25,,,,,4980.5,0.0
-2,360900,AMETHYSTS,9996,2,9995.0,23.0,,,9998,1,10004.0,2.0,10005.0,23.0,9997.0,0.0
-2,361000,STARFRUIT,4977,30,,,,,4982,5,4984.0,30.0,,,4979.5,0.0
-2,361000,AMETHYSTS,9996,2,9995.0,28.0,,,9998,1,10004.0,2.0,10005.0,28.0,9997.0,0.0
-2,361100,AMETHYSTS,9996,1,9995.0,21.0,,,10000,6,10004.0,1.0,10005.0,21.0,9998.0,0.0
-2,361100,STARFRUIT,4977,22,,,,,4980,6,4984.0,22.0,,,4978.5,0.0
-2,361200,STARFRUIT,4978,2,4977.0,21.0,,,4984,23,,,,,4981.0,0.0
-2,361200,AMETHYSTS,9996,2,9995.0,21.0,,,10004,2,10005.0,21.0,,,10000.0,0.0
-2,361300,STARFRUIT,4978,5,4977.0,23.0,,,4984,23,,,,,4981.0,0.0
-2,361300,AMETHYSTS,9996,1,9995.0,22.0,,,10004,1,10005.0,22.0,,,10000.0,0.0
-2,361400,STARFRUIT,4977,1,4976.0,23.0,,,4983,23,,,,,4980.0,0.0
-2,361400,AMETHYSTS,9998,9,9995.0,23.0,,,10005,23,,,,,10001.5,0.0
-2,361500,AMETHYSTS,9996,2,9995.0,29.0,,,10004,2,10005.0,29.0,,,10000.0,0.0
-2,361500,STARFRUIT,4977,31,,,,,4984,31,,,,,4980.5,0.0
-2,361600,STARFRUIT,4978,23,,,,,4985,23,,,,,4981.5,0.0
-2,361600,AMETHYSTS,9998,2,9995.0,23.0,,,10005,23,,,,,10001.5,0.0
-2,361700,STARFRUIT,4983,1,4978.0,4.0,4977.0,28.0,4984,28,,,,,4983.5,0.0
-2,361700,AMETHYSTS,9995,28,,,,,10005,28,,,,,10000.0,0.0
-2,361800,STARFRUIT,4981,4,4978.0,24.0,,,4984,2,4985.0,22.0,,,4982.5,0.0
-2,361800,AMETHYSTS,10000,4,9996.0,2.0,9995.0,22.0,10004,2,10005.0,22.0,,,10002.0,0.0
-2,361900,AMETHYSTS,9996,2,9995.0,20.0,,,10004,2,10005.0,20.0,,,10000.0,0.0
-2,361900,STARFRUIT,4978,22,,,,,4983,1,4985.0,22.0,,,4980.5,0.0
-2,380000,STARFRUIT,4977,30,,,,,4984,30,,,,,4980.5,0.0
-2,380000,AMETHYSTS,9995,30,,,,,10005,30,,,,,10000.0,0.0
-2,380100,STARFRUIT,4977,30,,,,,4984,30,,,,,4980.5,0.0
-2,380100,AMETHYSTS,9996,2,9995.0,28.0,,,10004,2,10005.0,28.0,,,10000.0,0.0
-2,380200,STARFRUIT,4982,1,4977.0,22.0,,,4983,1,4984.0,21.0,,,4982.5,0.0
-2,380200,AMETHYSTS,9998,7,9996.0,1.0,9995.0,21.0,10004,1,10005.0,21.0,,,10001.0,0.0
-2,380300,AMETHYSTS,9995,26,,,,,10005,26,,,,,10000.0,0.0
-2,380300,STARFRUIT,4976,26,,,,,4983,26,,,,,4979.5,0.0
-2,380400,STARFRUIT,4977,27,,,,,4983,1,4984.0,27.0,,,4980.0,0.0
-2,380400,AMETHYSTS,9996,1,9995.0,27.0,,,10002,4,10004.0,1.0,10005.0,27.0,9999.0,0.0
-2,380500,STARFRUIT,4977,22,,,,,4984,22,,,,,4980.5,0.0
-2,380500,AMETHYSTS,9996,2,9995.0,20.0,,,10004,2,10005.0,20.0,,,10000.0,0.0
-2,380600,STARFRUIT,4977,29,,,,,4984,29,,,,,4980.5,0.0
-2,380600,AMETHYSTS,9996,1,9995.0,28.0,,,10004,1,10005.0,28.0,,,10000.0,0.0
-2,380700,AMETHYSTS,9996,1,9995.0,22.0,,,10004,1,10005.0,22.0,,,10000.0,0.0
-2,380700,STARFRUIT,4983,1,4977.0,23.0,,,4984,23,,,,,4983.5,0.0
-2,380800,STARFRUIT,4977,22,,,,,4982,4,4984.0,22.0,,,4979.5,0.0
-2,380800,AMETHYSTS,9995,22,,,,,10005,22,,,,,10000.0,0.0
-2,380900,AMETHYSTS,9995,21,,,,,10002,10,10005.0,21.0,,,9998.5,0.0
-2,380900,STARFRUIT,4976,21,,,,,4983,21,,,,,4979.5,0.0
-2,381000,AMETHYSTS,9996,2,9995.0,24.0,,,10004,2,10005.0,24.0,,,10000.0,0.0
-2,381000,STARFRUIT,4977,26,,,,,4983,2,4984.0,24.0,,,4980.0,0.0
-2,381100,AMETHYSTS,9996,2,9995.0,30.0,,,10004,2,10005.0,30.0,,,10000.0,0.0
-2,381100,STARFRUIT,4977,2,4976.0,30.0,,,4983,32,,,,,4980.0,0.0
-2,381200,STARFRUIT,4977,2,4976.0,29.0,,,4983,30,,,,,4980.0,0.0
-2,381200,AMETHYSTS,10002,1,9998.0,1.0,9996.0,1.0,10004,1,10005.0,29.0,,,10003.0,0.0
-2,381300,AMETHYSTS,9995,23,,,,,9998,3,10005.0,23.0,,,9996.5,0.0
-2,381300,STARFRUIT,4976,23,,,,,4983,23,,,,,4979.5,0.0
-2,381400,AMETHYSTS,9996,2,9995.0,26.0,,,10004,2,10005.0,26.0,,,10000.0,0.0
-2,381400,STARFRUIT,4977,2,4976.0,26.0,,,4983,28,,,,,4980.0,0.0
-2,381500,AMETHYSTS,9996,1,9995.0,29.0,,,10004,1,10005.0,29.0,,,10000.0,0.0
-2,381500,STARFRUIT,4981,1,4976.0,30.0,,,4983,30,,,,,4982.0,0.0
-2,381600,STARFRUIT,4976,2,4975.0,28.0,,,4982,30,,,,,4979.0,0.0
-2,381600,AMETHYSTS,9996,2,9995.0,28.0,,,9998,1,10002.0,1.0,10004.0,2.0,9997.0,0.0
-2,381700,AMETHYSTS,10002,1,9996.0,1.0,9995.0,21.0,10004,1,10005.0,21.0,,,10003.0,0.0
-2,381700,STARFRUIT,4975,22,,,,,4981,1,4982.0,21.0,,,4978.0,0.0
-2,381800,AMETHYSTS,9995,26,,,,,10002,7,10005.0,26.0,,,9998.5,0.0
-2,381800,STARFRUIT,4975,25,,,,,4982,26,,,,,4978.5,0.0
-2,381900,AMETHYSTS,9998,5,9996.0,1.0,9995.0,21.0,10004,1,10005.0,21.0,,,10001.0,0.0
-2,381900,STARFRUIT,4981,1,4975.0,22.0,,,4982,22,,,,,4981.5,0.0
-2,400000,STARFRUIT,4973,1,4972.0,24.0,,,4979,24,,,,,4976.0,0.0
-2,400000,AMETHYSTS,9996,2,9995.0,22.0,,,9998,1,10004.0,2.0,10005.0,22.0,9997.0,0.0
-2,400100,AMETHYSTS,9995,26,,,,,10005,26,,,,,10000.0,0.0
-2,400100,STARFRUIT,4972,26,,,,,4977,6,4979.0,26.0,,,4974.5,0.0
-2,400200,AMETHYSTS,9995,28,,,,,10005,28,,,,,10000.0,0.0
-2,400200,STARFRUIT,4971,28,,,,,4972,1,4978.0,28.0,,,4971.5,0.0
-2,400300,AMETHYSTS,10002,1,9998.0,1.0,9995.0,22.0,10005,22,,,,,10003.5,0.0
-2,400300,STARFRUIT,4971,22,,,,,4976,7,4978.0,22.0,,,4973.5,0.0
-2,400400,STARFRUIT,4971,24,,,,,4978,24,,,,,4974.5,0.0
-2,400400,AMETHYSTS,9996,1,9995.0,23.0,,,10004,1,10005.0,23.0,,,10000.0,0.0
-2,400500,AMETHYSTS,9996,2,9995.0,29.0,,,9998,1,10004.0,2.0,10005.0,29.0,9997.0,0.0
-2,400500,STARFRUIT,4971,31,,,,,4976,4,4978.0,31.0,,,4973.5,0.0
-2,400600,AMETHYSTS,9996,1,9995.0,23.0,,,10004,1,10005.0,23.0,,,10000.0,0.0
-2,400600,STARFRUIT,4970,24,,,,,4977,24,,,,,4973.5,0.0
-2,400700,AMETHYSTS,9998,1,9996.0,2.0,9995.0,24.0,10004,2,10005.0,24.0,,,10001.0,0.0
-2,400700,STARFRUIT,4971,26,,,,,4977,2,4978.0,24.0,,,4974.0,0.0
-2,400800,STARFRUIT,4972,4,4971.0,30.0,,,4978,30,,,,,4975.0,0.0
-2,400800,AMETHYSTS,10002,5,9996.0,1.0,9995.0,29.0,10004,1,10005.0,29.0,,,10003.0,0.0
-2,400900,STARFRUIT,4972,23,,,,,4977,1,4978.0,1.0,4979.0,22.0,4974.5,0.0
-2,400900,AMETHYSTS,9996,1,9995.0,22.0,,,10004,1,10005.0,22.0,,,10000.0,0.0
-2,401000,AMETHYSTS,9995,30,,,,,10005,30,,,,,10000.0,0.0
-2,401000,STARFRUIT,4971,30,,,,,4978,30,,,,,4974.5,0.0
-2,401100,STARFRUIT,4972,5,4971.0,24.0,,,4978,24,,,,,4975.0,0.0
-2,401100,AMETHYSTS,9995,24,,,,,10005,24,,,,,10000.0,0.0
-2,401200,STARFRUIT,4971,30,,,,,4976,7,4978.0,30.0,,,4973.5,0.0
-2,401200,AMETHYSTS,9996,2,9995.0,28.0,,,9998,9,10004.0,2.0,10005.0,28.0,9997.0,0.0
-2,401300,STARFRUIT,4972,2,4971.0,27.0,,,4978,29,,,,,4975.0,0.0
-2,401300,AMETHYSTS,9996,2,9995.0,27.0,,,10002,10,10004.0,2.0,10005.0,27.0,9999.0,0.0
-2,401400,AMETHYSTS,9996,2,9995.0,30.0,,,10004,2,10005.0,30.0,,,10000.0,0.0
-2,401400,STARFRUIT,4971,32,,,,,4973,5,4978.0,32.0,,,4972.0,0.0
-2,401500,STARFRUIT,4972,25,,,,,4977,6,4979.0,25.0,,,4974.5,0.0
-2,401500,AMETHYSTS,9995,25,,,,,9998,3,10005.0,25.0,,,9996.5,0.0
-2,401600,STARFRUIT,4975,3,4973.0,4.0,4972.0,24.0,4979,24,,,,,4977.0,0.0
-2,401600,AMETHYSTS,10000,2,9998.0,6.0,9995.0,24.0,10005,24,,,,,10002.5,0.0
-2,401700,STARFRUIT,4973,21,,,,,4979,21,,,,,4976.0,0.0
-2,401700,AMETHYSTS,9995,21,,,,,10005,21,,,,,10000.0,0.0
-2,401800,AMETHYSTS,9995,30,,,,,10005,30,,,,,10000.0,0.0
-2,401800,STARFRUIT,4973,30,,,,,4980,30,,,,,4976.5,0.0
-2,401900,STARFRUIT,4972,26,,,,,4979,26,,,,,4975.5,0.0
-2,401900,AMETHYSTS,9998,4,9995.0,26.0,,,10005,26,,,,,10001.5,0.0
-2,420000,STARFRUIT,4982,7,4981.0,21.0,,,4987,1,4988.0,20.0,,,4984.5,0.0
-2,420000,AMETHYSTS,9996,1,9995.0,20.0,,,10004,1,10005.0,20.0,,,10000.0,0.0
-2,420100,STARFRUIT,4987,1,4982.0,4.0,4981.0,27.0,4988,29,,,,,4987.5,0.0
-2,420100,AMETHYSTS,9996,2,9995.0,27.0,,,10002,8,10004.0,2.0,10005.0,27.0,9999.0,0.0
-2,420200,AMETHYSTS,9995,23,,,,,10005,23,,,,,10000.0,0.0
-2,420200,STARFRUIT,4981,23,,,,,4988,23,,,,,4984.5,0.0
-2,420300,STARFRUIT,4982,1,4981.0,25.0,,,4988,26,,,,,4985.0,0.0
-2,420300,AMETHYSTS,10002,4,9996.0,1.0,9995.0,25.0,10004,1,10005.0,25.0,,,10003.0,0.0
-2,420400,STARFRUIT,4981,26,,,,,4988,26,,,,,4984.5,0.0
-2,420400,AMETHYSTS,9996,1,9995.0,25.0,,,9998,1,10004.0,1.0,10005.0,25.0,9997.0,0.0
-2,420500,STARFRUIT,4986,1,4981.0,21.0,,,4988,21,,,,,4987.0,0.0
-2,420500,AMETHYSTS,9995,21,,,,,10002,1,10005.0,21.0,,,9998.5,0.0
-2,420600,AMETHYSTS,9996,2,9995.0,23.0,,,10004,2,10005.0,23.0,,,10000.0,0.0
-2,420600,STARFRUIT,4982,25,,,,,4987,4,4988.0,2.0,4989.0,23.0,4984.5,0.0
-2,420700,STARFRUIT,4982,30,,,,,4988,30,,,,,4985.0,0.0
-2,420700,AMETHYSTS,9996,1,9995.0,29.0,,,10004,1,10005.0,29.0,,,10000.0,0.0
-2,420800,STARFRUIT,4982,24,,,,,4989,24,,,,,4985.5,0.0
-2,420800,AMETHYSTS,9998,7,9996.0,2.0,9995.0,22.0,10004,2,10005.0,22.0,,,10001.0,0.0
-2,420900,STARFRUIT,4982,28,,,,,4988,2,4989.0,26.0,,,4985.0,0.0
-2,420900,AMETHYSTS,9996,2,9995.0,26.0,,,10004,2,10005.0,26.0,,,10000.0,0.0
-2,421000,AMETHYSTS,9995,21,,,,,10002,5,10005.0,21.0,,,9998.5,0.0
-2,421000,STARFRUIT,4986,8,4982.0,2.0,4981.0,21.0,4988,21,,,,,4987.0,0.0
-2,421100,STARFRUIT,4983,7,4982.0,25.0,,,4989,25,,,,,4986.0,0.0
-2,421100,AMETHYSTS,9998,10,9995.0,25.0,,,10005,25,,,,,10001.5,0.0
-2,421200,STARFRUIT,4982,21,,,,,4989,21,,,,,4985.5,0.0
-2,421200,AMETHYSTS,10002,1,9996.0,1.0,9995.0,20.0,10004,1,10005.0,20.0,,,10003.0,0.0
-2,421300,STARFRUIT,4982,27,,,,,4989,27,,,,,4985.5,0.0
-2,421300,AMETHYSTS,9996,2,9995.0,25.0,,,10004,2,10005.0,25.0,,,10000.0,0.0
-2,421400,AMETHYSTS,9996,2,9995.0,30.0,,,10004,2,10005.0,30.0,,,10000.0,0.0
-2,421400,STARFRUIT,4983,2,4982.0,30.0,,,4989,32,,,,,4986.0,0.0
-2,421500,STARFRUIT,4983,24,,,,,4989,2,4990.0,22.0,,,4986.0,0.0
-2,421500,AMETHYSTS,9996,2,9995.0,22.0,,,9998,1,10004.0,2.0,10005.0,22.0,9997.0,0.0
-2,421600,STARFRUIT,4988,1,4983.0,21.0,,,4990,21,,,,,4989.0,0.0
-2,421600,AMETHYSTS,9995,21,,,,,10005,21,,,,,10000.0,0.0
-2,421700,STARFRUIT,4983,25,,,,,4990,25,,,,,4986.5,0.0
-2,421700,AMETHYSTS,9995,25,,,,,10002,3,10005.0,25.0,,,9998.5,0.0
-2,421800,AMETHYSTS,9996,1,9995.0,20.0,,,10004,1,10005.0,20.0,,,10000.0,0.0
-2,421800,STARFRUIT,4984,21,,,,,4989,7,4990.0,1.0,4991.0,20.0,4986.5,0.0
-2,421900,STARFRUIT,4988,3,4984.0,30.0,,,4990,1,4991.0,29.0,,,4989.0,0.0
-2,421900,AMETHYSTS,10002,1,9996.0,1.0,9995.0,29.0,10004,1,10005.0,29.0,,,10003.0,0.0
-2,440000,STARFRUIT,4985,2,4984.0,27.0,,,4991,29,,,,,4988.0,0.0
-2,440000,AMETHYSTS,9996,2,9995.0,27.0,,,10004,2,10005.0,27.0,,,10000.0,0.0
-2,440100,STARFRUIT,4989,1,4984.0,31.0,,,4991,31,,,,,4990.0,0.0
-2,440100,AMETHYSTS,9996,2,9995.0,29.0,,,10004,2,10005.0,29.0,,,10000.0,0.0
-2,440200,AMETHYSTS,9995,29,,,,,10005,29,,,,,10000.0,0.0
-2,440200,STARFRUIT,4984,29,,,,,4991,29,,,,,4987.5,0.0
-2,440300,STARFRUIT,4989,1,4984.0,1.0,4983.0,24.0,4990,25,,,,,4989.5,0.0
-2,440300,AMETHYSTS,9996,1,9995.0,24.0,,,10004,1,10005.0,24.0,,,10000.0,0.0
-2,440400,STARFRUIT,4983,27,,,,,4990,27,,,,,4986.5,0.0
-2,440400,AMETHYSTS,9995,27,,,,,10005,27,,,,,10000.0,0.0
-2,440500,STARFRUIT,4983,27,,,,,4990,27,,,,,4986.5,0.0
-2,440500,AMETHYSTS,9996,1,9995.0,26.0,,,10004,1,10005.0,26.0,,,10000.0,0.0
-2,440600,AMETHYSTS,9996,1,9995.0,25.0,,,10004,1,10005.0,25.0,,,10000.0,0.0
-2,440600,STARFRUIT,4984,25,,,,,4990,1,4991.0,25.0,,,4987.0,0.0
-2,440700,STARFRUIT,4984,2,4983.0,28.0,,,4988,4,4990.0,30.0,,,4986.0,0.0
-2,440700,AMETHYSTS,9996,2,9995.0,28.0,,,10004,2,10005.0,28.0,,,10000.0,0.0
-2,440800,STARFRUIT,4984,2,4983.0,26.0,,,4990,26,,,,,4987.0,0.0
-2,440800,AMETHYSTS,9995,26,,,,,10002,4,10005.0,26.0,,,9998.5,0.0
-2,440900,AMETHYSTS,9996,1,9995.0,29.0,,,10004,1,10005.0,29.0,,,10000.0,0.0
-2,440900,STARFRUIT,4984,29,,,,,4989,7,4990.0,1.0,4991.0,29.0,4986.5,0.0
-2,441000,STARFRUIT,4983,29,,,,,4990,29,,,,,4986.5,0.0
-2,441000,AMETHYSTS,9996,1,9995.0,28.0,,,10004,1,10005.0,28.0,,,10000.0,0.0
-2,441100,STARFRUIT,4983,25,,,,,4990,25,,,,,4986.5,0.0
-2,441100,AMETHYSTS,9995,25,,,,,9998,1,10005.0,25.0,,,9996.5,0.0
-2,441200,STARFRUIT,4983,30,,,,,4990,30,,,,,4986.5,0.0
-2,441200,AMETHYSTS,10002,12,9996.0,2.0,9995.0,28.0,10004,2,10005.0,28.0,,,10003.0,0.0
-2,441300,AMETHYSTS,10002,2,9996.0,1.0,9995.0,27.0,10004,1,10005.0,27.0,,,10003.0,0.0
-2,441300,STARFRUIT,4984,1,4983.0,27.0,,,4990,28,,,,,4987.0,0.0
-2,441400,STARFRUIT,4984,4,4983.0,29.0,,,4990,29,,,,,4987.0,0.0
-2,441400,AMETHYSTS,9995,29,,,,,10002,8,10005.0,29.0,,,9998.5,0.0
-2,441500,STARFRUIT,4984,26,,,,,4991,26,,,,,4987.5,0.0
-2,441500,AMETHYSTS,10002,1,9995.0,26.0,,,10005,26,,,,,10003.5,0.0
-2,441600,STARFRUIT,4988,1,4983.0,1.0,4982.0,25.0,4989,26,,,,,4988.5,0.0
-2,441600,AMETHYSTS,9998,4,9996.0,1.0,9995.0,25.0,10004,1,10005.0,25.0,,,10001.0,0.0
-2,441700,AMETHYSTS,9998,6,9996.0,2.0,9995.0,29.0,10004,2,10005.0,29.0,,,10001.0,0.0
-2,441700,STARFRUIT,4982,31,,,,,4989,31,,,,,4985.5,0.0
-2,441800,STARFRUIT,4981,22,,,,,4988,22,,,,,4984.5,0.0
-2,441800,AMETHYSTS,9996,2,9995.0,20.0,,,10004,2,10005.0,20.0,,,10000.0,0.0
-2,441900,STARFRUIT,4981,20,,,,,4986,2,4988.0,20.0,,,4983.5,0.0
-2,441900,AMETHYSTS,9995,20,,,,,10005,20,,,,,10000.0,0.0
-2,460000,STARFRUIT,4975,1,4974.0,23.0,,,4979,1,4981.0,24.0,,,4977.0,0.0
-2,460000,AMETHYSTS,9996,1,9995.0,23.0,,,10004,1,10005.0,23.0,,,10000.0,0.0
-2,460100,AMETHYSTS,10002,3,9996.0,1.0,9995.0,25.0,10004,1,10005.0,25.0,,,10003.0,0.0
-2,460100,STARFRUIT,4974,26,,,,,4979,8,4981.0,26.0,,,4976.5,0.0
-2,460200,STARFRUIT,4974,1,4973.0,22.0,,,4978,2,4980.0,23.0,,,4976.0,0.0
-2,460200,AMETHYSTS,9996,1,9995.0,22.0,,,10002,5,10004.0,1.0,10005.0,22.0,9999.0,0.0
-2,460300,STARFRUIT,4974,25,,,,,4979,7,4980.0,25.0,,,4976.5,0.0
-2,460300,AMETHYSTS,9995,25,,,,,10002,2,10005.0,25.0,,,9998.5,0.0
-2,460400,STARFRUIT,4979,5,4974.0,26.0,,,4981,26,,,,,4980.0,0.0
-2,460400,AMETHYSTS,9996,2,9995.0,24.0,,,10004,2,10005.0,24.0,,,10000.0,0.0
-2,460500,AMETHYSTS,9996,2,9995.0,24.0,,,10002,7,10004.0,2.0,10005.0,24.0,9999.0,0.0
-2,460500,STARFRUIT,4974,2,4973.0,24.0,,,4980,26,,,,,4977.0,0.0
-2,460600,STARFRUIT,4974,2,4973.0,20.0,,,4978,3,4980.0,22.0,,,4976.0,0.0
-2,460600,AMETHYSTS,9996,2,9995.0,20.0,,,10004,2,10005.0,20.0,,,10000.0,0.0
-2,460700,STARFRUIT,4974,27,,,,,4979,5,4980.0,2.0,4981.0,25.0,4976.5,0.0
-2,460700,AMETHYSTS,9996,2,9995.0,25.0,,,10002,7,10004.0,2.0,10005.0,25.0,9999.0,0.0
-2,460800,STARFRUIT,4974,25,,,,,4981,25,,,,,4977.5,0.0
-2,460800,AMETHYSTS,9998,1,9996.0,2.0,9995.0,23.0,10004,2,10005.0,23.0,,,10001.0,0.0
-2,460900,AMETHYSTS,9996,2,9995.0,21.0,,,10002,6,10004.0,2.0,10005.0,21.0,9999.0,0.0
-2,460900,STARFRUIT,4975,2,4974.0,21.0,,,4979,5,4981.0,23.0,,,4977.0,0.0
-2,461000,STARFRUIT,4975,24,,,,,4982,24,,,,,4978.5,0.0
-2,461000,AMETHYSTS,9995,24,,,,,10005,24,,,,,10000.0,0.0
-2,461100,AMETHYSTS,10002,10,9996.0,1.0,9995.0,21.0,10004,1,10005.0,21.0,,,10003.0,0.0
-2,461100,STARFRUIT,4976,7,4975.0,22.0,,,4982,22,,,,,4979.0,0.0
-2,461200,AMETHYSTS,9998,7,9996.0,1.0,9995.0,24.0,10004,1,10005.0,24.0,,,10001.0,0.0
-2,461200,STARFRUIT,4975,25,,,,,4981,1,4982.0,24.0,,,4978.0,0.0
-2,461300,AMETHYSTS,9996,1,9995.0,24.0,,,10002,1,10004.0,1.0,10005.0,24.0,9999.0,0.0
-2,461300,STARFRUIT,4975,25,,,,,4980,1,4982.0,25.0,,,4977.5,0.0
-2,461400,STARFRUIT,4975,23,,,,,4981,2,4982.0,21.0,,,4978.0,0.0
-2,461400,AMETHYSTS,9996,2,9995.0,21.0,,,10002,1,10004.0,2.0,10005.0,21.0,9999.0,0.0
-2,461500,AMETHYSTS,9995,27,,,,,10002,9,10005.0,27.0,,,9998.5,0.0
-2,461500,STARFRUIT,4974,27,,,,,4981,27,,,,,4977.5,0.0
-2,461600,AMETHYSTS,9996,1,9995.0,29.0,,,10004,1,10005.0,29.0,,,10000.0,0.0
-2,461600,STARFRUIT,4974,30,,,,,4981,30,,,,,4977.5,0.0
-2,461700,AMETHYSTS,9995,29,,,,,9998,2,10005.0,29.0,,,9996.5,0.0
-2,461700,STARFRUIT,4975,29,,,,,4980,1,4982.0,29.0,,,4977.5,0.0
-2,461800,STARFRUIT,4975,29,,,,,4982,29,,,,,4978.5,0.0
-2,461800,AMETHYSTS,9998,1,9995.0,29.0,,,10005,29,,,,,10001.5,0.0
-2,461900,AMETHYSTS,9996,1,9995.0,27.0,,,10004,1,10005.0,27.0,,,10000.0,0.0
-2,461900,STARFRUIT,4975,28,,,,,4982,28,,,,,4978.5,0.0
-2,480000,AMETHYSTS,10002,17,9996.0,1.0,9995.0,26.0,10004,1,10005.0,26.0,,,10003.0,0.0
-2,480000,STARFRUIT,4983,1,4982.0,26.0,,,4987,6,4989.0,27.0,,,4985.0,0.0
-2,480100,AMETHYSTS,9995,30,,,,,10005,30,,,,,10000.0,0.0
-2,480100,STARFRUIT,4982,30,,,,,4989,30,,,,,4985.5,0.0
-2,480200,STARFRUIT,4983,5,4982.0,28.0,,,4989,28,,,,,4986.0,0.0
-2,480200,AMETHYSTS,9996,1,9995.0,27.0,,,10004,1,10005.0,27.0,,,10000.0,0.0
-2,480300,AMETHYSTS,9996,2,9995.0,21.0,,,10004,2,10005.0,21.0,,,10000.0,0.0
-2,480300,STARFRUIT,4988,1,4983.0,5.0,4982.0,23.0,4989,23,,,,,4988.5,0.0
-2,480400,AMETHYSTS,9995,26,,,,,10005,26,,,,,10000.0,0.0
-2,480400,STARFRUIT,4983,26,,,,,4990,26,,,,,4986.5,0.0
-2,480500,AMETHYSTS,9995,24,,,,,10002,7,10005.0,24.0,,,9998.5,0.0
-2,480500,STARFRUIT,4983,24,,,,,4988,5,4990.0,24.0,,,4985.5,0.0
-2,480600,STARFRUIT,4984,2,4983.0,20.0,,,4990,22,,,,,4987.0,0.0
-2,480600,AMETHYSTS,10002,1,9996.0,2.0,9995.0,20.0,10004,2,10005.0,20.0,,,10003.0,0.0
-2,480700,AMETHYSTS,9998,7,9996.0,1.0,9995.0,26.0,10004,1,10005.0,26.0,,,10001.0,0.0
-2,480700,STARFRUIT,4983,26,,,,,4988,5,4989.0,1.0,4990.0,26.0,4985.5,0.0
-2,480800,AMETHYSTS,9998,1,9995.0,20.0,,,10005,20,,,,,10001.5,0.0
-2,480800,STARFRUIT,4983,20,,,,,4990,20,,,,,4986.5,0.0
-2,480900,STARFRUIT,4983,31,,,,,4988,5,4990.0,31.0,,,4985.5,0.0
-2,480900,AMETHYSTS,9996,2,9995.0,29.0,,,10004,2,10005.0,29.0,,,10000.0,0.0
-2,481000,STARFRUIT,4983,28,,,,,4989,28,,,,,4986.0,0.0
-2,481000,AMETHYSTS,9996,2,9995.0,26.0,,,10002,4,10004.0,2.0,10005.0,26.0,9999.0,0.0
-2,481100,STARFRUIT,4983,23,,,,,4989,1,4990.0,22.0,,,4986.0,0.0
-2,481100,AMETHYSTS,10002,1,9996.0,1.0,9995.0,22.0,10004,1,10005.0,22.0,,,10003.0,0.0
-2,481200,AMETHYSTS,9995,30,,,,,9998,3,10005.0,30.0,,,9996.5,0.0
-2,481200,STARFRUIT,4983,30,,,,,4990,30,,,,,4986.5,0.0
-2,481300,STARFRUIT,4983,28,,,,,4990,29,,,,,4986.5,0.0
-2,481300,AMETHYSTS,9995,29,,,,,10002,10,10005.0,29.0,,,9998.5,0.0
-2,481400,STARFRUIT,4984,6,4983.0,30.0,,,4989,1,4990.0,29.0,,,4986.5,0.0
-2,481400,AMETHYSTS,9996,1,9995.0,29.0,,,10004,1,10005.0,29.0,,,10000.0,0.0
-2,481500,STARFRUIT,4982,21,,,,,4989,21,,,,,4985.5,0.0
-2,481500,AMETHYSTS,9995,21,,,,,10002,10,10005.0,21.0,,,9998.5,0.0
-2,481600,AMETHYSTS,10002,2,9995.0,30.0,,,10005,30,,,,,10003.5,0.0
-2,481600,STARFRUIT,4984,2,4983.0,30.0,,,4990,30,,,,,4987.0,0.0
-2,481700,STARFRUIT,4984,1,4983.0,30.0,,,4990,30,,,,,4987.0,0.0
-2,481700,AMETHYSTS,9998,9,9995.0,30.0,,,10005,30,,,,,10001.5,0.0
-2,481800,STARFRUIT,4982,24,,,,,4989,24,,,,,4985.5,0.0
-2,481800,AMETHYSTS,9995,24,,,,,10005,24,,,,,10000.0,0.0
-2,481900,STARFRUIT,4982,31,,,,,4989,31,,,,,4985.5,0.0
-2,481900,AMETHYSTS,9996,1,9995.0,30.0,,,10004,1,10005.0,30.0,,,10000.0,0.0
-2,500000,AMETHYSTS,9996,1,9995.0,29.0,,,10004,1,10005.0,29.0,,,10000.0,0.0
-2,500000,STARFRUIT,4993,30,,,,,4998,4,4999.0,1.0,5000.0,29.0,4995.5,0.0
-2,500100,STARFRUIT,4993,2,4992.0,21.0,,,4999,21,,,,,4996.0,0.0
-2,500100,AMETHYSTS,9995,21,,,,,10005,21,,,,,10000.0,0.0
-2,500200,STARFRUIT,4992,24,,,,,4993,1,4999.0,24.0,,,4992.5,0.0
-2,500200,AMETHYSTS,10002,5,9996.0,1.0,9995.0,23.0,10004,1,10005.0,23.0,,,10003.0,0.0
-2,500300,STARFRUIT,4993,8,4992.0,20.0,,,4999,21,,,,,4996.0,0.0
-2,500300,AMETHYSTS,9998,2,9996.0,1.0,9995.0,20.0,10004,1,10005.0,20.0,,,10001.0,0.0
-2,500400,AMETHYSTS,9996,1,9995.0,24.0,,,10004,1,10005.0,24.0,,,10000.0,0.0
-2,500400,STARFRUIT,4993,1,4992.0,24.0,,,4999,25,,,,,4996.0,0.0
-2,500500,STARFRUIT,4996,4,4993.0,29.0,,,4999,2,5000.0,27.0,,,4997.5,0.0
-2,500500,AMETHYSTS,10000,4,9996.0,2.0,9995.0,27.0,10004,2,10005.0,27.0,,,10002.0,0.0
-2,500600,STARFRUIT,4993,23,,,,,4998,5,5000.0,23.0,,,4995.5,0.0
-2,500600,AMETHYSTS,9996,2,9995.0,21.0,,,10004,2,10005.0,21.0,,,10000.0,0.0
-2,500700,STARFRUIT,4993,1,4992.0,27.0,,,4997,1,4999.0,29.0,,,4995.0,0.0
-2,500700,AMETHYSTS,9996,2,9995.0,27.0,,,10002,9,10004.0,2.0,10005.0,27.0,9999.0,0.0
-2,500800,AMETHYSTS,10002,1,9998.0,5.0,9996.0,2.0,10004,2,10005.0,22.0,,,10003.0,0.0
-2,500800,STARFRUIT,4993,24,,,,,4998,7,4999.0,2.0,5000.0,22.0,4995.5,0.0
-2,500900,STARFRUIT,4993,30,,,,,5000,30,,,,,4996.5,0.0
-2,500900,AMETHYSTS,9996,2,9995.0,28.0,,,10004,2,10005.0,28.0,,,10000.0,0.0
-2,501000,STARFRUIT,4993,27,,,,,5000,27,,,,,4996.5,0.0
-2,501000,AMETHYSTS,9996,2,9995.0,25.0,,,10004,2,10005.0,25.0,,,10000.0,0.0
-2,501100,STARFRUIT,4993,26,,,,,5000,26,,,,,4996.5,0.0
-2,501100,AMETHYSTS,9996,1,9995.0,25.0,,,9998,3,10002.0,3.0,10004.0,1.0,9997.0,0.0
-2,501200,AMETHYSTS,10002,4,9995.0,22.0,,,10005,22,,,,,10003.5,0.0
-2,501200,STARFRUIT,4993,22,,,,,5000,22,,,,,4996.5,0.0
-2,501300,STARFRUIT,4993,22,,,,,5000,22,,,,,4996.5,0.0
-2,501300,AMETHYSTS,9996,2,9995.0,20.0,,,9998,1,10004.0,2.0,10005.0,20.0,9997.0,0.0
-2,501400,STARFRUIT,4993,1,4992.0,26.0,,,4999,27,,,,,4996.0,0.0
-2,501400,AMETHYSTS,9998,3,9996.0,1.0,9995.0,26.0,10004,1,10005.0,26.0,,,10001.0,0.0
-2,501500,STARFRUIT,4992,26,,,,,4999,26,,,,,4995.5,0.0
-2,501500,AMETHYSTS,10002,2,9998.0,5.0,9995.0,26.0,10005,26,,,,,10003.5,0.0
-2,501600,AMETHYSTS,9996,2,9995.0,20.0,,,10004,2,10005.0,20.0,,,10000.0,0.0
-2,501600,STARFRUIT,4992,22,,,,,4999,22,,,,,4995.5,0.0
-2,501700,STARFRUIT,4992,8,4991.0,22.0,,,4998,24,,,,,4995.0,0.0
-2,501700,AMETHYSTS,9996,2,9995.0,22.0,,,9998,1,10004.0,2.0,10005.0,22.0,9997.0,0.0
-2,501800,STARFRUIT,4991,27,,,,,4996,1,4998.0,27.0,,,4993.5,0.0
-2,501800,AMETHYSTS,9995,27,,,,,9998,3,10002.0,1.0,10005.0,27.0,9996.5,0.0
-2,501900,STARFRUIT,4991,22,,,,,4998,22,,,,,4994.5,0.0
-2,501900,AMETHYSTS,9996,2,9995.0,20.0,,,10002,4,10004.0,2.0,10005.0,20.0,9999.0,0.0
-2,520000,AMETHYSTS,9996,2,9995.0,26.0,,,9998,1,10004.0,2.0,10005.0,26.0,9997.0,0.0
-2,520000,STARFRUIT,5001,2,5000.0,26.0,,,5007,28,,,,,5004.0,0.0
-2,520100,STARFRUIT,5006,1,5000.0,26.0,,,5007,26,,,,,5006.5,0.0
-2,520100,AMETHYSTS,9995,26,,,,,10005,26,,,,,10000.0,0.0
-2,520200,STARFRUIT,5001,29,,,,,5006,5,5008.0,29.0,,,5003.5,0.0
-2,520200,AMETHYSTS,10002,6,9996.0,1.0,9995.0,28.0,10004,1,10005.0,28.0,,,10003.0,0.0
-2,520300,STARFRUIT,5001,31,,,,,5007,1,5008.0,30.0,,,5004.0,0.0
-2,520300,AMETHYSTS,9996,1,9995.0,30.0,,,10004,1,10005.0,30.0,,,10000.0,0.0
-2,520400,AMETHYSTS,9995,29,,,,,10002,3,10005.0,29.0,,,9998.5,0.0
-2,520400,STARFRUIT,5001,29,,,,,5008,29,,,,,5004.5,0.0
-2,520500,STARFRUIT,5001,25,,,,,5006,2,5008.0,26.0,,,5003.5,0.0
-2,520500,AMETHYSTS,9996,1,9995.0,25.0,,,9998,1,10004.0,1.0,10005.0,25.0,9997.0,0.0
-2,520600,STARFRUIT,5002,2,5001.0,21.0,,,5006,2,5008.0,23.0,,,5004.0,0.0
-2,520600,AMETHYSTS,9996,2,9995.0,21.0,,,9998,1,10002.0,10.0,10004.0,2.0,9997.0,0.0
-2,520700,STARFRUIT,5001,29,,,,,5008,29,,,,,5004.5,0.0
-2,520700,AMETHYSTS,9996,2,9995.0,27.0,,,10004,2,10005.0,27.0,,,10000.0,0.0
-2,520800,AMETHYSTS,9995,30,,,,,10005,30,,,,,10000.0,0.0
-2,520800,STARFRUIT,5001,30,,,,,5008,30,,,,,5004.5,0.0
-2,520900,STARFRUIT,5002,29,,,,,5009,29,,,,,5005.5,0.0
-2,520900,AMETHYSTS,9998,10,9995.0,29.0,,,10005,29,,,,,10001.5,0.0
-2,521000,STARFRUIT,5002,24,,,,,5009,24,,,,,5005.5,0.0
-2,521000,AMETHYSTS,9995,24,,,,,10005,24,,,,,10000.0,0.0
-2,521100,AMETHYSTS,9995,28,,,,,10005,28,,,,,10000.0,0.0
-2,521100,STARFRUIT,5002,28,,,,,5009,28,,,,,5005.5,0.0
-2,521200,STARFRUIT,5002,2,5001.0,30.0,,,5008,31,,,,,5005.0,0.0
-2,521200,AMETHYSTS,9998,5,9996.0,1.0,9995.0,30.0,10004,1,10005.0,30.0,,,10001.0,0.0
-2,521300,STARFRUIT,5001,29,,,,,5008,29,,,,,5004.5,0.0
-2,521300,AMETHYSTS,9996,2,9995.0,27.0,,,10004,2,10005.0,27.0,,,10000.0,0.0
-2,521400,STARFRUIT,5002,2,5001.0,29.0,,,5008,31,,,,,5005.0,0.0
-2,521400,AMETHYSTS,9996,2,9995.0,29.0,,,10004,2,10005.0,29.0,,,10000.0,0.0
-2,521500,AMETHYSTS,9996,2,9995.0,24.0,,,10004,2,10005.0,24.0,,,10000.0,0.0
-2,521500,STARFRUIT,5007,1,5001.0,26.0,,,5008,26,,,,,5007.5,0.0
-2,521600,STARFRUIT,5001,32,,,,,5007,2,5008.0,30.0,,,5004.0,0.0
-2,521600,AMETHYSTS,9996,2,9995.0,30.0,,,10002,2,10004.0,2.0,10005.0,30.0,9999.0,0.0
-2,521700,STARFRUIT,5001,29,,,,,5006,3,5008.0,29.0,,,5003.5,0.0
-2,521700,AMETHYSTS,9996,1,9995.0,28.0,,,9998,1,10002.0,4.0,10004.0,1.0,9997.0,0.0
-2,521800,STARFRUIT,5001,27,,,,,5008,27,,,,,5004.5,0.0
-2,521800,AMETHYSTS,9996,1,9995.0,26.0,,,10004,1,10005.0,26.0,,,10000.0,0.0
-2,521900,AMETHYSTS,9995,20,,,,,10005,20,,,,,10000.0,0.0
-2,521900,STARFRUIT,5001,20,,,,,5006,8,5008.0,20.0,,,5003.5,0.0
-2,540000,STARFRUIT,5001,3,4997.0,31.0,,,5003,1,5004.0,30.0,,,5002.0,0.0
-2,540000,AMETHYSTS,9996,1,9995.0,30.0,,,10004,1,10005.0,30.0,,,10000.0,0.0
-2,540100,STARFRUIT,4997,25,,,,,5002,6,5004.0,25.0,,,4999.5,0.0
-2,540100,AMETHYSTS,9996,1,9995.0,24.0,,,10004,1,10005.0,24.0,,,10000.0,0.0
-2,540200,STARFRUIT,4999,2,4998.0,29.0,,,5005,29,,,,,5002.0,0.0
-2,540200,AMETHYSTS,9996,2,9995.0,27.0,,,10004,2,10005.0,27.0,,,10000.0,0.0
-2,540300,AMETHYSTS,9996,2,9995.0,29.0,,,10004,2,10005.0,29.0,,,10000.0,0.0
-2,540300,STARFRUIT,4999,1,4998.0,29.0,,,5005,31,,,,,5002.0,0.0
-2,540400,STARFRUIT,4999,6,4998.0,23.0,,,5005,24,,,,,5002.0,0.0
-2,540400,AMETHYSTS,9996,1,9995.0,23.0,,,10004,1,10005.0,23.0,,,10000.0,0.0
-2,540500,STARFRUIT,4999,29,,,,,5004,2,5006.0,29.0,,,5001.5,0.0
-2,540500,AMETHYSTS,10002,1,9996.0,2.0,9995.0,27.0,10004,2,10005.0,27.0,,,10003.0,0.0
-2,540600,STARFRUIT,5003,3,4999.0,28.0,,,5005,2,5006.0,26.0,,,5004.0,0.0
-2,540600,AMETHYSTS,9996,2,9995.0,26.0,,,10004,2,10005.0,26.0,,,10000.0,0.0
-2,540700,AMETHYSTS,9996,1,9995.0,30.0,,,10004,1,10005.0,30.0,,,10000.0,0.0
-2,540700,STARFRUIT,4999,31,,,,,5004,5,5005.0,1.0,5006.0,30.0,5001.5,0.0
-2,540800,STARFRUIT,4999,22,,,,,5005,1,5006.0,21.0,,,5002.0,0.0
-2,540800,AMETHYSTS,9996,1,9995.0,21.0,,,10002,5,10004.0,1.0,10005.0,21.0,9999.0,0.0
-2,540900,AMETHYSTS,9995,22,,,,,10005,22,,,,,10000.0,0.0
-2,540900,STARFRUIT,4998,22,,,,,5005,22,,,,,5001.5,0.0
-2,541000,AMETHYSTS,9996,1,9995.0,28.0,,,10004,1,10005.0,28.0,,,10000.0,0.0
-2,541000,STARFRUIT,5004,1,4998.0,29.0,,,5005,29,,,,,5004.5,0.0
-2,541100,AMETHYSTS,9996,2,9995.0,22.0,,,10004,2,10005.0,22.0,,,10000.0,0.0
-2,541100,STARFRUIT,5000,2,4999.0,24.0,,,5005,2,5006.0,22.0,,,5002.5,0.0
-2,541200,STARFRUIT,4998,23,,,,,5000,3,5005.0,23.0,,,4999.0,0.0
-2,541200,AMETHYSTS,9995,23,,,,,10005,23,,,,,10000.0,0.0
-2,541300,AMETHYSTS,9996,1,9995.0,22.0,,,10002,1,10004.0,1.0,10005.0,22.0,9999.0,0.0
-2,541300,STARFRUIT,4999,23,,,,,5006,23,,,,,5002.5,0.0
-2,541400,AMETHYSTS,9995,22,,,,,10005,22,,,,,10000.0,0.0
-2,541400,STARFRUIT,4999,22,,,,,5006,22,,,,,5002.5,0.0
-2,541500,AMETHYSTS,9995,22,,,,,10005,22,,,,,10000.0,0.0
-2,541500,STARFRUIT,4999,22,,,,,5006,22,,,,,5002.5,0.0
-2,541600,STARFRUIT,5000,1,4999.0,26.0,,,5004,3,5006.0,27.0,,,5002.0,0.0
-2,541600,AMETHYSTS,9996,1,9995.0,26.0,,,10004,1,10005.0,26.0,,,10000.0,0.0
-2,541700,AMETHYSTS,9995,30,,,,,9998,1,10005.0,30.0,,,9996.5,0.0
-2,541700,STARFRUIT,4999,30,,,,,5006,30,,,,,5002.5,0.0
-2,541800,AMETHYSTS,9996,1,9995.0,20.0,,,10002,1,10004.0,1.0,10005.0,20.0,9999.0,0.0
-2,541800,STARFRUIT,5000,6,4999.0,20.0,,,5006,21,,,,,5003.0,0.0
-2,541900,AMETHYSTS,9995,22,,,,,10005,22,,,,,10000.0,0.0
-2,541900,STARFRUIT,4999,22,,,,,5006,22,,,,,5002.5,0.0
-2,560000,STARFRUIT,5002,27,,,,,5009,27,,,,,5005.5,0.0
-2,560000,AMETHYSTS,9995,27,,,,,10005,27,,,,,10000.0,0.0
-2,560100,AMETHYSTS,9996,1,9995.0,25.0,,,10004,1,10005.0,25.0,,,10000.0,0.0
-2,560100,STARFRUIT,5002,26,,,,,5009,26,,,,,5005.5,0.0
-2,560200,AMETHYSTS,10002,1,9998.0,5.0,9996.0,2.0,10004,2,10005.0,26.0,,,10003.0,0.0
-2,560200,STARFRUIT,5003,2,5002.0,26.0,,,5009,28,,,,,5006.0,0.0
-2,560300,AMETHYSTS,9996,2,9995.0,21.0,,,10004,2,10005.0,21.0,,,10000.0,0.0
-2,560300,STARFRUIT,5002,23,,,,,5009,23,,,,,5005.5,0.0
-2,560400,STARFRUIT,5002,21,,,,,5009,21,,,,,5005.5,0.0
-2,560400,AMETHYSTS,9996,1,9995.0,20.0,,,10004,1,10005.0,20.0,,,10000.0,0.0
-2,560500,AMETHYSTS,9998,7,9996.0,2.0,9995.0,21.0,10004,2,10005.0,21.0,,,10001.0,0.0
-2,560500,STARFRUIT,5007,7,5003.0,2.0,5002.0,21.0,5009,23,,,,,5008.0,0.0
-2,560600,AMETHYSTS,9995,25,,,,,10005,25,,,,,10000.0,0.0
-2,560600,STARFRUIT,5003,24,,,,,5010,25,,,,,5006.5,0.0
-2,560700,AMETHYSTS,9998,9,9996.0,2.0,9995.0,21.0,10004,2,10005.0,21.0,,,10001.0,0.0
-2,560700,STARFRUIT,5003,23,,,,,5009,2,5010.0,21.0,,,5006.0,0.0
-2,560800,STARFRUIT,5003,30,,,,,5008,8,5010.0,30.0,,,5005.5,0.0
-2,560800,AMETHYSTS,10002,1,9996.0,2.0,9995.0,28.0,10004,2,10005.0,28.0,,,10003.0,0.0
-2,560900,STARFRUIT,5004,2,5003.0,22.0,,,5010,22,,,,,5007.0,0.0
-2,560900,AMETHYSTS,10002,5,9996.0,2.0,9995.0,20.0,10004,2,10005.0,20.0,,,10003.0,0.0
-2,561000,AMETHYSTS,9996,2,9995.0,26.0,,,10004,2,10005.0,26.0,,,10000.0,0.0
-2,561000,STARFRUIT,5003,28,,,,,5004,1,5010.0,28.0,,,5003.5,0.0
-2,561100,STARFRUIT,5008,1,5003.0,25.0,,,5010,25,,,,,5009.0,0.0
-2,561100,AMETHYSTS,9996,1,9995.0,24.0,,,9998,12,10002.0,3.0,10004.0,1.0,9997.0,0.0
-2,561200,STARFRUIT,5003,22,,,,,5006,3,5008.0,7.0,5010.0,22.0,5004.5,0.0
-2,561200,AMETHYSTS,10002,4,9995.0,22.0,,,10005,22,,,,,10003.5,0.0
-2,561300,STARFRUIT,5003,29,,,,,5008,2,5010.0,29.0,,,5005.5,0.0
-2,561300,AMETHYSTS,9996,2,9995.0,27.0,,,10002,8,10004.0,2.0,10005.0,27.0,9999.0,0.0
-2,561400,AMETHYSTS,9996,2,9995.0,30.0,,,10004,2,10005.0,30.0,,,10000.0,0.0
-2,561400,STARFRUIT,5003,32,,,,,5010,32,,,,,5006.5,0.0
-2,561500,STARFRUIT,5003,22,,,,,5008,5,5010.0,22.0,,,5005.5,0.0
-2,561500,AMETHYSTS,9996,2,9995.0,20.0,,,10004,2,10005.0,20.0,,,10000.0,0.0
-2,561600,STARFRUIT,5004,4,5003.0,28.0,,,5010,28,,,,,5007.0,0.0
-2,561600,AMETHYSTS,9995,28,,,,,10002,2,10005.0,28.0,,,9998.5,0.0
-2,561700,STARFRUIT,5008,3,5003.0,27.0,,,5010,27,,,,,5009.0,0.0
-2,561700,AMETHYSTS,9996,2,9995.0,25.0,,,10004,2,10005.0,25.0,,,10000.0,0.0
-2,561800,AMETHYSTS,10002,1,9996.0,1.0,9995.0,30.0,10004,1,10005.0,30.0,,,10003.0,0.0
-2,561800,STARFRUIT,5004,4,5003.0,31.0,,,5010,31,,,,,5007.0,0.0
-2,561900,STARFRUIT,5009,1,5004.0,23.0,,,5010,2,5011.0,21.0,,,5009.5,0.0
-2,561900,AMETHYSTS,9996,2,9995.0,21.0,,,10004,2,10005.0,21.0,,,10000.0,0.0
-2,580000,STARFRUIT,5009,29,,,,,5015,2,5016.0,27.0,,,5012.0,0.0
-2,580000,AMETHYSTS,9996,2,9995.0,27.0,,,10002,2,10004.0,2.0,10005.0,27.0,9999.0,0.0
-2,580100,STARFRUIT,5009,28,,,,,5015,1,5016.0,27.0,,,5012.0,0.0
-2,580100,AMETHYSTS,9996,1,9995.0,27.0,,,10004,1,10005.0,27.0,,,10000.0,0.0
-2,580200,AMETHYSTS,9996,2,9995.0,23.0,,,10004,2,10005.0,23.0,,,10000.0,0.0
-2,580200,STARFRUIT,5008,25,,,,,5009,1,5015.0,25.0,,,5008.5,0.0
-2,580300,STARFRUIT,5009,26,,,,,5016,26,,,,,5012.5,0.0
-2,580300,AMETHYSTS,9995,26,,,,,10005,26,,,,,10000.0,0.0
-2,580400,STARFRUIT,5009,2,5008.0,27.0,,,5015,29,,,,,5012.0,0.0
-2,580400,AMETHYSTS,9996,2,9995.0,27.0,,,10004,2,10005.0,27.0,,,10000.0,0.0
-2,580500,STARFRUIT,5008,29,,,,,5014,1,5015.0,28.0,,,5011.0,0.0
-2,580500,AMETHYSTS,9996,1,9995.0,28.0,,,10004,1,10005.0,28.0,,,10000.0,0.0
-2,580600,AMETHYSTS,9996,1,9995.0,28.0,,,10002,7,10004.0,1.0,10005.0,28.0,9999.0,0.0
-2,580600,STARFRUIT,5009,4,5008.0,29.0,,,5015,29,,,,,5012.0,0.0
-2,580700,STARFRUIT,5008,25,,,,,5011,2,5015.0,25.0,,,5009.5,0.0
-2,580700,AMETHYSTS,9996,2,9995.0,23.0,,,10000,1,10004.0,2.0,10005.0,23.0,9998.0,0.0
-2,580800,STARFRUIT,5008,32,,,,,5015,32,,,,,5011.5,0.0
-2,580800,AMETHYSTS,9996,2,9995.0,30.0,,,10004,2,10005.0,30.0,,,10000.0,0.0
-2,580900,STARFRUIT,5008,24,,,,,5013,1,5015.0,24.0,,,5010.5,0.0
-2,580900,AMETHYSTS,10002,4,9996.0,2.0,9995.0,22.0,10004,2,10005.0,22.0,,,10003.0,0.0
-2,581000,AMETHYSTS,9996,2,9995.0,29.0,,,10004,2,10005.0,29.0,,,10000.0,0.0
-2,581000,STARFRUIT,5007,31,,,,,5014,31,,,,,5010.5,0.0
-2,581100,STARFRUIT,5009,1,5008.0,22.0,,,5014,1,5015.0,21.0,,,5011.5,0.0
-2,581100,AMETHYSTS,9996,1,9995.0,21.0,,,10004,1,10005.0,21.0,,,10000.0,0.0
-2,581200,STARFRUIT,5008,29,,,,,5015,29,,,,,5011.5,0.0
-2,581200,AMETHYSTS,9996,2,9995.0,27.0,,,10004,2,10005.0,27.0,,,10000.0,0.0
-2,581300,STARFRUIT,5013,1,5008.0,32.0,,,5015,32,,,,,5014.0,0.0
-2,581300,AMETHYSTS,9996,2,9995.0,30.0,,,10004,2,10005.0,30.0,,,10000.0,0.0
-2,581400,AMETHYSTS,9996,2,9995.0,23.0,,,10004,2,10005.0,23.0,,,10000.0,0.0
-2,581400,STARFRUIT,5008,25,,,,,5013,6,5015.0,25.0,,,5010.5,0.0
-2,581500,STARFRUIT,5009,22,,,,,5014,5,5015.0,2.0,5016.0,20.0,5011.5,0.0
-2,581500,AMETHYSTS,9996,2,9995.0,20.0,,,10002,3,10004.0,2.0,10005.0,20.0,9999.0,0.0
-2,581600,STARFRUIT,5009,30,,,,,5016,30,,,,,5012.5,0.0
-2,581600,AMETHYSTS,9995,30,,,,,10005,30,,,,,10000.0,0.0
-2,581700,STARFRUIT,5009,24,,,,,5014,3,5016.0,25.0,,,5011.5,0.0
-2,581700,AMETHYSTS,9998,5,9996.0,2.0,9995.0,23.0,10004,2,10005.0,23.0,,,10001.0,0.0
-2,581800,AMETHYSTS,9998,9,9995.0,23.0,,,10005,23,,,,,10001.5,0.0
-2,581800,STARFRUIT,5010,2,5009.0,23.0,,,5016,23,,,,,5013.0,0.0
-2,581900,STARFRUIT,5009,1,5008.0,25.0,,,5013,3,5015.0,26.0,,,5011.0,0.0
-2,581900,AMETHYSTS,9996,1,9995.0,25.0,,,10004,1,10005.0,25.0,,,10000.0,0.0
-2,600000,STARFRUIT,5020,1,5015.0,2.0,5014.0,26.0,5021,27,,,,,5020.5,0.0
-2,600000,AMETHYSTS,10002,8,9996.0,1.0,9995.0,26.0,10004,1,10005.0,26.0,,,10003.0,0.0
-2,600100,STARFRUIT,5014,27,,,,,5021,27,,,,,5017.5,0.0
-2,600100,AMETHYSTS,9995,27,,,,,10005,27,,,,,10000.0,0.0
-2,600200,AMETHYSTS,9996,2,9995.0,30.0,,,10002,7,10004.0,2.0,10005.0,30.0,9999.0,0.0
-2,600200,STARFRUIT,5014,32,,,,,5021,32,,,,,5017.5,0.0
-2,600300,STARFRUIT,5015,2,5014.0,26.0,,,5021,28,,,,,5018.0,0.0
-2,600300,AMETHYSTS,9996,2,9995.0,26.0,,,9998,10,10002.0,7.0,10004.0,2.0,9997.0,0.0
-2,600400,STARFRUIT,5021,1,5015.0,30.0,,,5022,30,,,,,5021.5,0.0
-2,600400,AMETHYSTS,9996,1,9995.0,29.0,,,9998,1,10004.0,1.0,10005.0,29.0,9997.0,0.0
-2,600500,STARFRUIT,5017,5,5016.0,21.0,,,5023,21,,,,,5020.0,0.0
-2,600500,AMETHYSTS,9995,21,,,,,9998,1,10005.0,21.0,,,9996.5,0.0
-2,600600,AMETHYSTS,9998,8,9995.0,24.0,,,10005,24,,,,,10001.5,0.0
-2,600600,STARFRUIT,5015,24,,,,,5022,24,,,,,5018.5,0.0
-2,600700,STARFRUIT,5015,25,,,,,5022,25,,,,,5018.5,0.0
-2,600700,AMETHYSTS,10002,1,9996.0,1.0,9995.0,24.0,10004,1,10005.0,24.0,,,10003.0,0.0
-2,600800,STARFRUIT,5016,2,5015.0,20.0,,,5022,22,,,,,5019.0,0.0
-2,600800,AMETHYSTS,9996,2,9995.0,20.0,,,10004,2,10005.0,20.0,,,10000.0,0.0
-2,600900,AMETHYSTS,9998,1,9996.0,2.0,9995.0,30.0,10004,2,10005.0,30.0,,,10001.0,0.0
-2,600900,STARFRUIT,5016,2,5015.0,30.0,,,5022,32,,,,,5019.0,0.0
-2,601000,STARFRUIT,5015,27,,,,,5022,27,,,,,5018.5,0.0
-2,601000,AMETHYSTS,9998,1,9996.0,1.0,9995.0,26.0,10004,1,10005.0,26.0,,,10001.0,0.0
-2,601100,STARFRUIT,5014,28,,,,,5021,28,,,,,5017.5,0.0
-2,601100,AMETHYSTS,9996,2,9995.0,26.0,,,9998,1,10004.0,2.0,10005.0,26.0,9997.0,0.0
-2,601200,STARFRUIT,5014,31,,,,,5021,31,,,,,5017.5,0.0
-2,601200,AMETHYSTS,9996,1,9995.0,30.0,,,10002,4,10004.0,1.0,10005.0,30.0,9999.0,0.0
-2,601300,AMETHYSTS,9995,26,,,,,10005,26,,,,,10000.0,0.0
-2,601300,STARFRUIT,5014,26,,,,,5021,26,,,,,5017.5,0.0
-2,601400,STARFRUIT,5015,6,5014.0,30.0,,,5021,30,,,,,5018.0,0.0
-2,601400,AMETHYSTS,9996,1,9995.0,29.0,,,10004,1,10005.0,29.0,,,10000.0,0.0
-2,601500,STARFRUIT,5015,23,,,,,5018,5,5022.0,24.0,,,5016.5,0.0
-2,601500,AMETHYSTS,9995,24,,,,,10000,4,10005.0,24.0,,,9997.5,0.0
-2,601600,STARFRUIT,5019,1,5015.0,7.0,5014.0,26.0,5020,1,5021.0,25.0,,,5019.5,0.0
-2,601600,AMETHYSTS,9996,1,9995.0,25.0,,,10004,1,10005.0,25.0,,,10000.0,0.0
-2,601700,AMETHYSTS,9996,1,9995.0,30.0,,,9998,2,10004.0,1.0,10005.0,30.0,9997.0,0.0
-2,601700,STARFRUIT,5013,30,,,,,5020,31,,,,,5016.5,0.0
-2,601800,STARFRUIT,5013,1,5012.0,28.0,,,5017,7,5019.0,29.0,,,5015.0,0.0
-2,601800,AMETHYSTS,9996,1,9995.0,28.0,,,10004,1,10005.0,28.0,,,10000.0,0.0
-2,601900,STARFRUIT,5013,19,,,,,5018,7,5020.0,20.0,,,5015.5,0.0
-2,601900,AMETHYSTS,9995,20,,,,,9998,1,10005.0,20.0,,,9996.5,0.0
-2,620000,STARFRUIT,5011,1,5010.0,26.0,,,5017,26,,,,,5014.0,0.0
-2,620000,AMETHYSTS,9996,2,9995.0,24.0,,,10004,2,10005.0,24.0,,,10000.0,0.0
-2,620100,AMETHYSTS,9998,10,9996.0,1.0,9995.0,21.0,10004,1,10005.0,21.0,,,10001.0,0.0
-2,620100,STARFRUIT,5011,22,,,,,5018,22,,,,,5014.5,0.0
-2,620200,STARFRUIT,5016,2,5012.0,5.0,5011.0,23.0,5018,23,,,,,5017.0,0.0
-2,620200,AMETHYSTS,9998,3,9995.0,23.0,,,10005,23,,,,,10001.5,0.0
-2,620300,STARFRUIT,5011,21,,,,,5016,1,5018.0,21.0,,,5013.5,0.0
-2,620300,AMETHYSTS,9995,21,,,,,10005,21,,,,,10000.0,0.0
-2,620400,STARFRUIT,5013,8,5012.0,29.0,,,5018,2,5019.0,27.0,,,5015.5,0.0
-2,620400,AMETHYSTS,9996,2,9995.0,27.0,,,10004,2,10005.0,27.0,,,10000.0,0.0
-2,620500,AMETHYSTS,9996,1,9995.0,23.0,,,10004,1,10005.0,23.0,,,10000.0,0.0
-2,620500,STARFRUIT,5012,24,,,,,5017,1,5018.0,1.0,5019.0,23.0,5014.5,0.0
-2,620600,STARFRUIT,5017,1,5011.0,25.0,,,5018,25,,,,,5017.5,0.0
-2,620600,AMETHYSTS,9996,1,9995.0,24.0,,,10004,1,10005.0,24.0,,,10000.0,0.0
-2,620700,STARFRUIT,5011,21,,,,,5018,21,,,,,5014.5,0.0
-2,620700,AMETHYSTS,9995,21,,,,,10005,21,,,,,10000.0,0.0
-2,620800,AMETHYSTS,9996,2,9995.0,30.0,,,10004,2,10005.0,30.0,,,10000.0,0.0
-2,620800,STARFRUIT,5012,3,5011.0,30.0,,,5018,32,,,,,5015.0,0.0
-2,620900,AMETHYSTS,9996,2,9995.0,21.0,,,10002,6,10004.0,2.0,10005.0,21.0,9999.0,0.0
-2,620900,STARFRUIT,5011,23,,,,,5018,23,,,,,5014.5,0.0
-2,621000,STARFRUIT,5011,1,5010.0,28.0,,,5017,29,,,,,5014.0,0.0
-2,621000,AMETHYSTS,9996,1,9995.0,28.0,,,9998,1,10004.0,1.0,10005.0,28.0,9997.0,0.0
-2,621100,AMETHYSTS,9995,26,,,,,10005,26,,,,,10000.0,0.0
-2,621100,STARFRUIT,5010,26,,,,,5015,4,5017.0,26.0,,,5012.5,0.0
-2,621200,AMETHYSTS,9996,2,9995.0,22.0,,,10004,2,10005.0,22.0,,,10000.0,0.0
-2,621200,STARFRUIT,5010,2,5009.0,22.0,,,5016,24,,,,,5013.0,0.0
-2,621300,AMETHYSTS,9998,7,9996.0,1.0,9995.0,24.0,10004,1,10005.0,24.0,,,10001.0,0.0
-2,621300,STARFRUIT,5010,25,,,,,5017,25,,,,,5013.5,0.0
-2,621400,STARFRUIT,5010,2,5009.0,20.0,,,5016,22,,,,,5013.0,0.0
-2,621400,AMETHYSTS,9996,2,9995.0,20.0,,,10002,4,10004.0,2.0,10005.0,20.0,9999.0,0.0
-2,621500,AMETHYSTS,9996,1,9995.0,28.0,,,10004,1,10005.0,28.0,,,10000.0,0.0
-2,621500,STARFRUIT,5011,1,5010.0,29.0,,,5016,1,5017.0,28.0,,,5013.5,0.0
-2,621600,AMETHYSTS,9995,29,,,,,10005,29,,,,,10000.0,0.0
-2,621600,STARFRUIT,5009,29,,,,,5016,29,,,,,5012.5,0.0
-2,621700,AMETHYSTS,9996,1,9995.0,20.0,,,10004,1,10005.0,20.0,,,10000.0,0.0
-2,621700,STARFRUIT,5010,21,,,,,5017,21,,,,,5013.5,0.0
-2,621800,STARFRUIT,5011,20,,,,,5018,20,,,,,5014.5,0.0
-2,621800,AMETHYSTS,9995,20,,,,,10002,4,10005.0,20.0,,,9998.5,0.0
-2,621900,AMETHYSTS,9995,25,,,,,10005,25,,,,,10000.0,0.0
-2,621900,STARFRUIT,5016,1,5012.0,3.0,5011.0,25.0,5018,25,,,,,5017.0,0.0
-2,640000,AMETHYSTS,9996,1,9995.0,20.0,,,10004,1,10005.0,20.0,,,10000.0,0.0
-2,640000,STARFRUIT,5010,21,,,,,5011,1,5017.0,21.0,,,5010.5,0.0
-2,640100,AMETHYSTS,9998,4,9996.0,2.0,9995.0,21.0,10004,2,10005.0,21.0,,,10001.0,0.0
-2,640100,STARFRUIT,5011,2,5010.0,21.0,,,5015,3,5017.0,23.0,,,5013.0,0.0
-2,640200,STARFRUIT,5011,22,,,,,5018,22,,,,,5014.5,0.0
-2,640200,AMETHYSTS,9996,2,9995.0,20.0,,,10004,2,10005.0,20.0,,,10000.0,0.0
-2,640300,AMETHYSTS,9996,1,9995.0,20.0,,,10004,1,10005.0,20.0,,,10000.0,0.0
-2,640300,STARFRUIT,5011,21,,,,,5016,1,5017.0,1.0,5018.0,20.0,5013.5,0.0
-2,640400,AMETHYSTS,9998,9,9995.0,21.0,,,10005,21,,,,,10001.5,0.0
-2,640400,STARFRUIT,5011,4,5010.0,21.0,,,5017,21,,,,,5014.0,0.0
-2,640500,AMETHYSTS,9998,3,9996.0,2.0,9995.0,26.0,10004,2,10005.0,26.0,,,10001.0,0.0
-2,640500,STARFRUIT,5011,2,5010.0,26.0,,,5017,28,,,,,5014.0,0.0
-2,640600,STARFRUIT,5011,28,,,,,5017,1,5018.0,27.0,,,5014.0,0.0
-2,640600,AMETHYSTS,9996,1,9995.0,27.0,,,10004,1,10005.0,27.0,,,10000.0,0.0
-2,640700,AMETHYSTS,9996,2,9995.0,25.0,,,10004,2,10005.0,25.0,,,10000.0,0.0
-2,640700,STARFRUIT,5011,27,,,,,5018,27,,,,,5014.5,0.0
-2,640800,AMETHYSTS,9996,1,9995.0,20.0,,,10004,1,10005.0,20.0,,,10000.0,0.0
-2,640800,STARFRUIT,5011,1,5010.0,20.0,,,5017,21,,,,,5014.0,0.0
-2,640900,STARFRUIT,5010,28,,,,,5017,28,,,,,5013.5,0.0
-2,640900,AMETHYSTS,9996,2,9995.0,26.0,,,9998,1,10004.0,2.0,10005.0,26.0,9997.0,0.0
-2,641000,STARFRUIT,5011,2,5010.0,24.0,,,5017,26,,,,,5014.0,0.0
-2,641000,AMETHYSTS,9998,5,9996.0,2.0,9995.0,24.0,10004,2,10005.0,24.0,,,10001.0,0.0
-2,641100,STARFRUIT,5011,22,,,,,5018,22,,,,,5014.5,0.0
-2,641100,AMETHYSTS,9995,22,,,,,9998,1,10002.0,6.0,10005.0,22.0,9996.5,0.0
-2,641200,AMETHYSTS,9996,2,9995.0,21.0,,,9998,1,10000.0,3.0,10002.0,8.0,9997.0,0.0
-2,641200,STARFRUIT,5016,5,5012.0,5.0,5011.0,23.0,5018,23,,,,,5017.0,0.0
-2,641300,STARFRUIT,5011,22,,,,,5018,22,,,,,5014.5,0.0
-2,641300,AMETHYSTS,9996,2,9995.0,20.0,,,10004,2,10005.0,20.0,,,10000.0,0.0
-2,641400,STARFRUIT,5016,1,5011.0,30.0,,,5018,30,,,,,5017.0,0.0
-2,641400,AMETHYSTS,9998,2,9995.0,30.0,,,10005,30,,,,,10001.5,0.0
-2,641500,STARFRUIT,5010,30,,,,,5017,30,,,,,5013.5,0.0
-2,641500,AMETHYSTS,9998,5,9996.0,2.0,9995.0,28.0,10004,2,10005.0,28.0,,,10001.0,0.0
-2,641600,AMETHYSTS,9995,22,,,,,9998,8,10005.0,22.0,,,9996.5,0.0
-2,641600,STARFRUIT,5010,22,,,,,5017,22,,,,,5013.5,0.0
-2,641700,STARFRUIT,5015,9,5011.0,5.0,5010.0,29.0,5016,1,5017.0,28.0,,,5015.5,0.0
-2,641700,AMETHYSTS,10002,2,9996.0,1.0,9995.0,28.0,10004,1,10005.0,28.0,,,10003.0,0.0
-2,641800,STARFRUIT,5010,20,,,,,5017,20,,,,,5013.5,0.0
-2,641800,AMETHYSTS,9995,20,,,,,10005,20,,,,,10000.0,0.0
-2,641900,STARFRUIT,5011,6,5010.0,22.0,,,5017,22,,,,,5014.0,0.0
-2,641900,AMETHYSTS,9995,22,,,,,10002,3,10005.0,22.0,,,9998.5,0.0
-2,660000,AMETHYSTS,9996,1,9995.0,30.0,,,10004,1,10005.0,30.0,,,10000.0,0.0
-2,660000,STARFRUIT,5010,31,,,,,5017,31,,,,,5013.5,0.0
-2,660100,STARFRUIT,5010,31,,,,,5016,1,5017.0,30.0,,,5013.0,0.0
-2,660100,AMETHYSTS,9996,1,9995.0,30.0,,,10004,1,10005.0,30.0,,,10000.0,0.0
-2,660200,STARFRUIT,5011,28,,,,,5017,2,5018.0,27.0,,,5014.0,0.0
-2,660200,AMETHYSTS,9996,2,9995.0,27.0,,,10002,7,10004.0,2.0,10005.0,27.0,9999.0,0.0
-2,660300,STARFRUIT,5011,28,,,,,5018,28,,,,,5014.5,0.0
-2,660300,AMETHYSTS,9998,10,9995.0,28.0,,,10005,28,,,,,10001.5,0.0
-2,660400,AMETHYSTS,9998,3,9995.0,21.0,,,10005,21,,,,,10001.5,0.0
-2,660400,STARFRUIT,5011,21,,,,,5018,21,,,,,5014.5,0.0
-2,660500,STARFRUIT,5012,1,5011.0,20.0,,,5016,4,5018.0,21.0,,,5014.0,0.0
-2,660500,AMETHYSTS,9996,1,9995.0,20.0,,,10002,5,10004.0,1.0,10005.0,20.0,9999.0,0.0
-2,660600,STARFRUIT,5013,4,5012.0,23.0,,,5019,24,,,,,5016.0,0.0
-2,660600,AMETHYSTS,9996,1,9995.0,23.0,,,10004,1,10005.0,23.0,,,10000.0,0.0
-2,660700,STARFRUIT,5013,31,,,,,5016,4,5019.0,2.0,5020.0,29.0,5014.5,0.0
-2,660700,AMETHYSTS,9996,2,9995.0,29.0,,,10000,4,10002.0,9.0,10004.0,2.0,9998.0,0.0
-2,660800,AMETHYSTS,9996,2,9995.0,26.0,,,10004,2,10005.0,26.0,,,10000.0,0.0
-2,660800,STARFRUIT,5013,28,,,,,5020,28,,,,,5016.5,0.0
-2,660900,STARFRUIT,5014,1,5013.0,24.0,,,5018,7,5020.0,25.0,,,5016.0,0.0
-2,660900,AMETHYSTS,9996,1,9995.0,24.0,,,10002,1,10004.0,1.0,10005.0,24.0,9999.0,0.0
-2,661000,STARFRUIT,5013,1,5012.0,23.0,,,5019,25,,,,,5016.0,0.0
-2,661000,AMETHYSTS,9996,2,9995.0,23.0,,,10002,6,10004.0,2.0,10005.0,23.0,9999.0,0.0
-2,661100,STARFRUIT,5017,6,5012.0,30.0,,,5019,30,,,,,5018.0,0.0
-2,661100,AMETHYSTS,9995,30,,,,,10005,30,,,,,10000.0,0.0
-2,661200,AMETHYSTS,9996,2,9995.0,26.0,,,10004,2,10005.0,26.0,,,10000.0,0.0
-2,661200,STARFRUIT,5013,28,,,,,5020,28,,,,,5016.5,0.0
-2,661300,STARFRUIT,5013,30,,,,,5020,30,,,,,5016.5,0.0
-2,661300,AMETHYSTS,9998,8,9995.0,30.0,,,10005,30,,,,,10001.5,0.0
-2,661400,STARFRUIT,5015,7,5014.0,28.0,,,5020,1,5021.0,27.0,,,5017.5,0.0
-2,661400,AMETHYSTS,10002,1,9996.0,1.0,9995.0,27.0,10004,1,10005.0,27.0,,,10003.0,0.0
-2,661500,STARFRUIT,5014,24,,,,,5021,24,,,,,5017.5,0.0
-2,661500,AMETHYSTS,10002,2,9998.0,2.0,9996.0,2.0,10004,2,10005.0,22.0,,,10003.0,0.0
-2,661600,AMETHYSTS,9998,3,9995.0,29.0,,,10005,29,,,,,10001.5,0.0
-2,661600,STARFRUIT,5014,29,,,,,5021,29,,,,,5017.5,0.0
-2,661700,STARFRUIT,5015,2,5014.0,29.0,,,5021,31,,,,,5018.0,0.0
-2,661700,AMETHYSTS,9996,2,9995.0,29.0,,,10004,2,10005.0,29.0,,,10000.0,0.0
-2,661800,STARFRUIT,5016,1,5015.0,28.0,,,5022,28,,,,,5019.0,0.0
-2,661800,AMETHYSTS,10002,1,9996.0,1.0,9995.0,27.0,10004,1,10005.0,27.0,,,10003.0,0.0
-2,661900,STARFRUIT,5016,2,5015.0,23.0,,,5022,25,,,,,5019.0,0.0
-2,661900,AMETHYSTS,9996,2,9995.0,23.0,,,10004,2,10005.0,23.0,,,10000.0,0.0
-2,680000,AMETHYSTS,9998,7,9995.0,22.0,,,10000,5,10005.0,22.0,,,9999.0,0.0
-2,680000,STARFRUIT,5026,22,,,,,5029,5,5033.0,22.0,,,5027.5,0.0
-2,680100,STARFRUIT,5026,27,,,,,5033,27,,,,,5029.5,0.0
-2,680100,AMETHYSTS,9998,7,9995.0,27.0,,,10005,27,,,,,10001.5,0.0
-2,680200,STARFRUIT,5026,26,,,,,5033,26,,,,,5029.5,0.0
-2,680200,AMETHYSTS,9995,26,,,,,10002,5,10005.0,26.0,,,9998.5,0.0
-2,680300,STARFRUIT,5026,2,5025.0,26.0,,,5032,28,,,,,5029.0,0.0
-2,680300,AMETHYSTS,9996,2,9995.0,26.0,,,10004,2,10005.0,26.0,,,10000.0,0.0
-2,680400,AMETHYSTS,9996,2,9995.0,28.0,,,9998,1,10004.0,2.0,10005.0,28.0,9997.0,0.0
-2,680400,STARFRUIT,5025,30,,,,,5032,30,,,,,5028.5,0.0
-2,680500,STARFRUIT,5025,28,,,,,5032,28,,,,,5028.5,0.0
-2,680500,AMETHYSTS,9995,28,,,,,10005,28,,,,,10000.0,0.0
-2,680600,STARFRUIT,5024,24,,,,,5026,3,5031.0,24.0,,,5025.0,0.0
-2,680600,AMETHYSTS,9998,10,9996.0,2.0,9995.0,22.0,10004,2,10005.0,22.0,,,10001.0,0.0
-2,680700,STARFRUIT,5024,25,,,,,5031,25,,,,,5027.5,0.0
-2,680700,AMETHYSTS,9996,2,9995.0,23.0,,,10004,2,10005.0,23.0,,,10000.0,0.0
-2,680800,AMETHYSTS,9996,1,9995.0,23.0,,,10004,1,10005.0,23.0,,,10000.0,0.0
-2,680800,STARFRUIT,5029,1,5025.0,3.0,5024.0,24.0,5031,24,,,,,5030.0,0.0
-2,680900,STARFRUIT,5030,1,5025.0,2.0,5024.0,20.0,5031,20,,,,,5030.5,0.0
-2,680900,AMETHYSTS,9995,20,,,,,10002,5,10005.0,20.0,,,9998.5,0.0
-2,681000,STARFRUIT,5024,20,,,,,5031,20,,,,,5027.5,0.0
-2,681000,AMETHYSTS,9995,20,,,,,9998,12,10005.0,20.0,,,9996.5,0.0
-2,681100,AMETHYSTS,9995,30,,,,,10005,30,,,,,10000.0,0.0
-2,681100,STARFRUIT,5024,30,,,,,5031,30,,,,,5027.5,0.0
-2,681200,STARFRUIT,5024,2,5023.0,20.0,,,5030,2,5031.0,20.0,,,5027.0,0.0
-2,681200,AMETHYSTS,9996,2,9995.0,20.0,,,10002,10,10004.0,2.0,10005.0,20.0,9999.0,0.0
-2,681300,STARFRUIT,5024,1,5023.0,26.0,,,5030,27,,,,,5027.0,0.0
-2,681300,AMETHYSTS,9996,1,9995.0,26.0,,,10004,1,10005.0,26.0,,,10000.0,0.0
-2,681400,STARFRUIT,5024,7,5023.0,23.0,,,5030,23,,,,,5027.0,0.0
-2,681400,AMETHYSTS,9995,23,,,,,10005,23,,,,,10000.0,0.0
-2,681500,AMETHYSTS,9996,1,9995.0,28.0,,,10002,5,10004.0,1.0,10005.0,28.0,9999.0,0.0
-2,681500,STARFRUIT,5023,29,,,,,5030,29,,,,,5026.5,0.0
-2,681600,STARFRUIT,5023,27,,,,,5028,5,5030.0,27.0,,,5025.5,0.0
-2,681600,AMETHYSTS,9996,1,9995.0,26.0,,,10004,1,10005.0,26.0,,,10000.0,0.0
-2,681700,STARFRUIT,5023,30,,,,,5028,4,5029.0,1.0,5030.0,29.0,5025.5,0.0
-2,681700,AMETHYSTS,10002,1,9996.0,1.0,9995.0,29.0,10004,1,10005.0,29.0,,,10003.0,0.0
-2,681800,STARFRUIT,5027,1,5022.0,26.0,,,5029,26,,,,,5028.0,0.0
-2,681800,AMETHYSTS,9995,26,,,,,10005,26,,,,,10000.0,0.0
-2,681900,AMETHYSTS,9996,1,9995.0,29.0,,,10004,1,10005.0,29.0,,,10000.0,0.0
-2,681900,STARFRUIT,5022,2,5021.0,29.0,,,5028,30,,,,,5025.0,0.0
-2,700000,STARFRUIT,5020,30,,,,,5027,30,,,,,5023.5,0.0
-2,700000,AMETHYSTS,9998,7,9995.0,30.0,,,10005,30,,,,,10001.5,0.0
-2,700100,STARFRUIT,5021,30,,,,,5028,30,,,,,5024.5,0.0
-2,700100,AMETHYSTS,10002,6,9996.0,2.0,9995.0,28.0,10004,2,10005.0,28.0,,,10003.0,0.0
-2,700200,STARFRUIT,5021,28,,,,,5026,3,5028.0,28.0,,,5023.5,0.0
-2,700200,AMETHYSTS,9996,2,9995.0,26.0,,,10004,2,10005.0,26.0,,,10000.0,0.0
-2,700300,AMETHYSTS,9998,4,9995.0,29.0,,,10005,29,,,,,10001.5,0.0
-2,700300,STARFRUIT,5025,2,5020.0,29.0,,,5027,29,,,,,5026.0,0.0
-2,700400,STARFRUIT,5021,30,,,,,5028,30,,,,,5024.5,0.0
-2,700400,AMETHYSTS,10002,2,9996.0,1.0,9995.0,29.0,10004,1,10005.0,29.0,,,10003.0,0.0
-2,700500,STARFRUIT,5020,25,,,,,5027,25,,,,,5023.5,0.0
-2,700500,AMETHYSTS,9995,25,,,,,10002,1,10005.0,25.0,,,9998.5,0.0
-2,700600,STARFRUIT,5020,22,,,,,5027,22,,,,,5023.5,0.0
-2,700600,AMETHYSTS,9995,22,,,,,10002,2,10005.0,22.0,,,9998.5,0.0
-2,700700,AMETHYSTS,9998,2,9996.0,2.0,9995.0,30.0,10004,2,10005.0,30.0,,,10001.0,0.0
-2,700700,STARFRUIT,5026,1,5020.0,32.0,,,5027,32,,,,,5026.5,0.0
-2,700800,STARFRUIT,5022,7,5020.0,20.0,,,5028,20,,,,,5025.0,0.0
-2,700800,AMETHYSTS,9995,20,,,,,10005,20,,,,,10000.0,0.0
-2,700900,AMETHYSTS,10000,4,9996.0,1.0,9995.0,28.0,10004,1,10005.0,28.0,,,10002.0,0.0
-2,700900,STARFRUIT,5023,4,5020.0,29.0,,,5025,7,5027.0,29.0,,,5024.0,0.0
-2,701000,AMETHYSTS,9995,28,,,,,10005,28,,,,,10000.0,0.0
-2,701000,STARFRUIT,5021,28,,,,,5028,28,,,,,5024.5,0.0
-2,701100,AMETHYSTS,9995,28,,,,,10005,28,,,,,10000.0,0.0
-2,701100,STARFRUIT,5021,28,,,,,5028,28,,,,,5024.5,0.0
-2,701200,STARFRUIT,5021,23,,,,,5026,7,5028.0,23.0,,,5023.5,0.0
-2,701200,AMETHYSTS,10002,1,9995.0,23.0,,,10005,23,,,,,10003.5,0.0
-2,701300,AMETHYSTS,9996,1,9995.0,29.0,,,10004,1,10005.0,29.0,,,10000.0,0.0
-2,701300,STARFRUIT,5026,1,5021.0,30.0,,,5028,30,,,,,5027.0,0.0
-2,701400,AMETHYSTS,9996,2,9995.0,30.0,,,10004,2,10005.0,30.0,,,10000.0,0.0
-2,701400,STARFRUIT,5021,32,,,,,5027,2,5028.0,30.0,,,5024.0,0.0
-2,701500,AMETHYSTS,9998,9,9995.0,28.0,,,10005,28,,,,,10001.5,0.0
-2,701500,STARFRUIT,5021,28,,,,,5028,28,,,,,5024.5,0.0
-2,701600,STARFRUIT,5021,23,,,,,5027,2,5028.0,21.0,,,5024.0,0.0
-2,701600,AMETHYSTS,9996,2,9995.0,21.0,,,10004,2,10005.0,21.0,,,10000.0,0.0
-2,701700,AMETHYSTS,10002,11,9996.0,2.0,9995.0,21.0,10004,2,10005.0,21.0,,,10003.0,0.0
-2,701700,STARFRUIT,5021,1,5020.0,21.0,,,5025,6,5027.0,23.0,,,5023.0,0.0
-2,701800,AMETHYSTS,9998,10,9996.0,2.0,9995.0,27.0,10004,2,10005.0,27.0,,,10001.0,0.0
-2,701800,STARFRUIT,5021,29,,,,,5026,4,5028.0,29.0,,,5023.5,0.0
-2,701900,AMETHYSTS,9998,8,9996.0,1.0,9995.0,28.0,10004,1,10005.0,28.0,,,10001.0,0.0
-2,701900,STARFRUIT,5021,29,,,,,5028,29,,,,,5024.5,0.0
-2,720000,STARFRUIT,5031,1,5030.0,24.0,,,5037,25,,,,,5034.0,0.0
-2,720000,AMETHYSTS,9996,1,9995.0,24.0,,,10004,1,10005.0,24.0,,,10000.0,0.0
-2,720100,AMETHYSTS,9996,2,9995.0,21.0,,,10004,2,10005.0,21.0,,,10000.0,0.0
-2,720100,STARFRUIT,5031,23,,,,,5037,2,5038.0,21.0,,,5034.0,0.0
-2,720200,AMETHYSTS,9995,20,,,,,9998,1,10005.0,20.0,,,9996.5,0.0
-2,720200,STARFRUIT,5031,20,,,,,5033,3,5036.0,7.0,5038.0,20.0,5032.0,0.0
-2,720300,AMETHYSTS,9996,2,9995.0,22.0,,,10004,2,10005.0,22.0,,,10000.0,0.0
-2,720300,STARFRUIT,5032,24,,,,,5039,24,,,,,5035.5,0.0
-2,720400,STARFRUIT,5032,21,,,,,5037,3,5039.0,21.0,,,5034.5,0.0
-2,720400,AMETHYSTS,9996,1,9995.0,20.0,,,10004,1,10005.0,20.0,,,10000.0,0.0
-2,720500,AMETHYSTS,9996,1,9995.0,28.0,,,10004,1,10005.0,28.0,,,10000.0,0.0
-2,720500,STARFRUIT,5032,29,,,,,5037,6,5039.0,29.0,,,5034.5,0.0
-2,720600,AMETHYSTS,9995,23,,,,,10005,23,,,,,10000.0,0.0
-2,720600,STARFRUIT,5037,3,5032.0,23.0,,,5039,23,,,,,5038.0,0.0
-2,720700,AMETHYSTS,10002,1,9996.0,2.0,9995.0,20.0,10004,2,10005.0,20.0,,,10003.0,0.0
-2,720700,STARFRUIT,5033,1,5032.0,20.0,,,5039,22,,,,,5036.0,0.0
-2,720800,STARFRUIT,5032,30,,,,,5039,30,,,,,5035.5,0.0
-2,720800,AMETHYSTS,9996,1,9995.0,29.0,,,10004,1,10005.0,29.0,,,10000.0,0.0
-2,720900,STARFRUIT,5032,28,,,,,5039,28,,,,,5035.5,0.0
-2,720900,AMETHYSTS,9998,5,9995.0,28.0,,,10005,28,,,,,10001.5,0.0
-2,721000,AMETHYSTS,9996,1,9995.0,29.0,,,10004,1,10005.0,29.0,,,10000.0,0.0
-2,721000,STARFRUIT,5032,30,,,,,5039,30,,,,,5035.5,0.0
